@inproceedings{joudaki2020fast,
  title={Fast Alignment-Free Similarity Estimation By Tensor Sketching},
  author={Joudaki, Amir and Ratsch, Gunnar and Kahles, Andr{\'e}},
  booktitle={International Conference on Research in Computational Molecular Biology},
  year={2021},
  pages={in press},
  organization={Springer}
}


@article{stephens2015big,
  title={Big data: astronomical or genomical?},
  author={Stephens, Zachary D and Lee, Skylar Y and Faghri, Faraz and Campbell, Roy H and Zhai, Chengxiang and Efron, Miles J and Iyer, Ravishankar and Schatz, Michael C and Sinha, Saurabh and Robinson, Gene E},
  journal={PLoS biology},
  volume={13},
  number={7},
  pages={e1002195},
  year={2015},
  publisher={Public Library of Science}
}


@article{vergara2010large,
  title={Large synteny blocks revealed between Caenorhabditis elegans and Caenorhabditis briggsae genomes using OrthoCluster},
  author={Vergara, Ismael A and Chen, Nansheng},
  journal={BMC genomics},
  volume={11},
  number={1},
  pages={516},
  year={2010},
  publisher={BioMed Central}
}


@inproceedings{pham2013fast,
  title={Fast and scalable polynomial kernels via explicit feature maps},
  author={Pham, Ninh and Pagh, Rasmus},
  booktitle={Proceedings of the 19th ACM SIGKDD international conference on Knowledge discovery and data mining},
  pages={239--247},
  year={2013},
  organization={ACM}
}


@inproceedings{rahimi2008random,
  title={Random features for large-scale kernel machines},
  author={Rahimi, Ali and Recht, Benjamin},
  booktitle={Advances in neural information processing systems},
  pages={1177--1184},
  year={2008}
}


@article{vedaldi2012efficient,
  title={Efficient additive kernels via explicit feature maps},
  author={Vedaldi, Andrea and Zisserman, Andrew},
  journal={IEEE transactions on pattern analysis and machine intelligence},
  volume={34},
  number={3},
  pages={480--492},
  year={2012},
  publisher={IEEE}
}



@article{spielman2011spectral,
  title={Spectral sparsification of graphs},
  author={Spielman, Daniel A and Teng, Shang-Hua},
  journal={SIAM Journal on Computing},
  volume={40},
  number={4},
  pages={981--1025},
  year={2011},
  publisher={SIAM}
}


@article{yurtsever2017sketchy,
  title={Sketchy decisions: Convex low-rank matrix optimization with optimal storage},
  author={Yurtsever, Alp and Udell, Madeleine and Tropp, Joel A and Cevher, Volkan},
  journal={arXiv preprint arXiv:1702.06838},
  year={2017}
}


@inproceedings{cohen2019solving,
  title={Solving linear programs in the current matrix multiplication time},
  author={Cohen, Michael B and Lee, Yin Tat and Song, Zhao},
  booktitle={Proceedings of the 51st annual ACM SIGACT symposium on theory of computing},
  pages={938--942},
  year={2019}
}


@article{tropp2017practical,
  title={Practical sketching algorithms for low-rank matrix approximation},
  author={Tropp, Joel A and Yurtsever, Alp and Udell, Madeleine and Cevher, Volkan},
  journal={SIAM Journal on Matrix Analysis and Applications},
  volume={38},
  number={4},
  pages={1454--1485},
  year={2017},
  publisher={SIAM}
}


@article{li2016minimap,
  title={Minimap and miniasm: fast mapping and de novo assembly for noisy long sequences},
  author={Li, Heng},
  journal={Bioinformatics},
  volume={32},
  number={14},
  pages={2103--2110},
  year={2016},
  publisher={Oxford University Press}
}



@article{goel2019syri,
  title={SyRI: finding genomic rearrangements and local sequence differences from whole-genome assemblies},
  author={Goel, Manish and Sun, Hequan and Jiao, Wen-Biao and Schneeberger, Korbinian},
  journal={Genome Biology},
  volume={20},
  number={1},
  pages={1--13},
  year={2019},
  publisher={BioMed Central}
}


@article{thankachan2017greedy,
  title={A greedy alignment-free distance estimator for phylogenetic inference},
  author={Thankachan, Sharma V and Chockalingam, Sriram P and Liu, Yongchao and Krishnan, Ambujam and Aluru, Srinivas},
  journal={BMC bioinformatics},
  volume={18},
  number={8},
  pages={238},
  year={2017},
  publisher={BioMed Central}
}


@article{mapleson2016kat,
  title={KAT: a K-mer analysis toolkit to quality control NGS datasets and genome assemblies},
  author={Mapleson, Daniel and Garcia Accinelli, Gonzalo and Kettleborough, George and Wright, Jonathan and Clavijo, Bernardo J},
  journal={Bioinformatics},
  volume={33},
  number={4},
  pages={574--576},
  year={2016},
  publisher={Oxford University Press}
}


@article{morgenstern2019sequence,
  title={Sequence Comparison without Alignment: The SpaM approaches},
  author={Morgenstern, Burkhard},
  journal={bioRxiv},
  year={2019},
  publisher={Cold Spring Harbor Laboratory}
}


@article{chakraborty2019s,
  title={S-conLSH: Alignment-free gapped mapping of noisy long reads},
  author={Chakraborty, Angana and Morgenstern, Burkhard and Bandyopadhyay, Sanghamitra},
  journal={bioRxiv},
  pages={801118},
  year={2019},
  publisher={Cold Spring Harbor Laboratory}
}



@article{noe2005yass,
  title={YASS: enhancing the sensitivity of DNA similarity search},
  author={No{\'e}, Laurent and Kucherov, Gregory},
  journal={Nucleic acids research},
  volume={33},
  number={suppl\_2},
  pages={W540--W543},
  year={2005},
  publisher={Oxford University Press}
}

@inproceedings{datar2004locality,
  title={Locality-sensitive hashing scheme based on p-stable distributions},
  author={Datar, Mayur and Immorlica, Nicole and Indyk, Piotr and Mirrokni, Vahab S},
  booktitle={Proceedings of the twentieth annual symposium on Computational geometry},
  pages={253--262},
  year={2004},
  organization={ACM}
}



@article{leimeister2014kmacs,
  title={Kmacs: the k-mismatch average common substring approach to alignment-free sequence comparison},
  author={Leimeister, Chris-Andre and Morgenstern, Burkhard},
  journal={Bioinformatics},
  volume={30},
  number={14},
  pages={2000--2008},
  year={2014},
  publisher={Oxford University Press}
}


@article{ondov2016mash,
  title={Mash: fast genome and metagenome distance estimation using MinHash},
  author={Ondov, Brian D and Treangen, Todd J and Melsted, P{\'a}ll and Mallonee, Adam B and Bergman, Nicholas H and Koren, Sergey and Phillippy, Adam M},
  journal={Genome biology},
  volume={17},
  number={1},
  pages={132},
  year={2016},
  publisher={BioMed Central}
}



@article{brunton2016discovering,
  title={Discovering governing equations from data by sparse identification of nonlinear dynamical systems},
  author={Brunton, Steven L and Proctor, Joshua L and Kutz, J Nathan},
  journal={Proceedings of the National Academy of Sciences},
  volume={113},
  number={15},
  pages={3932--3937},
  year={2016},
  publisher={National Acad Sciences}
}




@article{galatzer2014quantitative,
  title={Quantitative forecasting of PTSD from early trauma responses: A machine learning application},
    author={Galatzer-Levy, Isaac R and Karstoft, Karen-Inge and Statnikov, Alexander and Shalev, Arieh Y},
      journal={Journal of psychiatric research},
        volume={59},
	  pages={68--76},
	    year={2014},
	      publisher={Elsevier}
	      }

@article{medsker2001recurrent,
  title={Recurrent neural networks},
    author={Medsker, LR and Jain, LC},
      journal={Design and Applications},
        volume={5},
	  year={2001},
	    publisher={Citeseer}
	    }


@article{choi2016using,
  title={Using recurrent neural network models for early detection of heart failure onset},
    author={Choi, Edward and Schuetz, Andy and Stewart, Walter F and Sun, Jimeng},
      journal={Journal of the American Medical Informatics Association},
        volume={24},
	  number={2},
	    pages={361--370},
	      year={2016},
	        publisher={Oxford University Press}
		}

@inproceedings{choi2016doctor,
  title={Doctor ai: Predicting clinical events via recurrent neural networks},
    author={Choi, Edward and Bahadori, Mohammad Taha and Schuetz, Andy and Stewart, Walter F and Sun, Jimeng},
      booktitle={Machine Learning for Healthcare Conference},
        pages={301--318},
	  year={2016}
	  }

@article{hochreiter1997long,
  title={Long short-term memory},
    author={Hochreiter, Sepp and Schmidhuber, J{\"u}rgen},
      journal={Neural computation},
        volume={9},
	  number={8},
	    pages={1735--1780},
	      year={1997},
	        publisher={MIT Press}
		}

@article{lipton2015learning,
  title={Learning to diagnose with LSTM recurrent neural networks},
    author={Lipton, Zachary C and Kale, David C and Elkan, Charles and Wetzel, Randall},
      journal={arXiv preprint arXiv:1511.03677},
        year={2015}
	}


@inproceedings{razavian2016multi,
  title={Multi-task prediction of disease onsets from longitudinal laboratory tests},
    author={Razavian, Narges and Marcus, Jake and Sontag, David},
      booktitle={Machine Learning for Healthcare Conference},
        pages={73--100},
	  year={2016}
	  }

@inproceedings{neil2016phased,
  title={Phased lstm: Accelerating recurrent network training for long or event-based sequences},
    author={Neil, Daniel and Pfeiffer, Michael and Liu, Shih-Chii},
      booktitle={Advances in Neural Information Processing Systems},
        pages={3882--3890},
	  year={2016}
	  }

@inproceedings{song2016multi,
  title={Multi-rate deep learning for temporal recommendation},
    author={Song, Yang and Elkahky, Ali Mamdouh and He, Xiaodong},
      booktitle={Proceedings of the 39th International ACM SIGIR conference on Research and Development in Information Retrieval},
        pages={909--912},
	  year={2016},
	    organization={ACM}
	    }

@article{saeed2011multiparameter,
  title={Multiparameter Intelligent Monitoring in Intensive Care II (MIMIC-II): a public-access intensive care unit database},
    author={Saeed, Mohammed and Villarroel, Mauricio and Reisner, Andrew T and Clifford, Gari and Lehman, Li-Wei and Moody, George and Heldt, Thomas and Kyaw, Tin H and Moody, Benjamin and Mark, Roger G},
      journal={Critical care medicine},
        volume={39},
	  number={5},
	    pages={952},
	      year={2011},
	        publisher={NIH Public Access}
		}

@article{mcshea2010eicu,
  title={The eICU research institute-a collaboration between industry, health-care providers, and academia},
    author={McShea, Michael and Holl, Randy and Badawi, Omar and Riker, Richard R and Silfen, Eric},
      journal={IEEE Engineering in Medicine and Biology Magazine},
        volume={29},
	  number={2},
	    pages={18--25},
	      year={2010},
	        publisher={IEEE}
		}

@article{lasko2013computational,
  title={Computational phenotype discovery using unsupervised feature learning over noisy, sparse, and irregular clinical data},
    author={Lasko, Thomas A and Denny, Joshua C and Levy, Mia A},
      journal={PloS one},
        volume={8},
	  number={6},
	    pages={e66341},
	      year={2013},
	        publisher={Public Library of Science}
		}

@inproceedings{baytas2017patient,
  title={Patient subtyping via time-aware LSTM networks},
  author={Baytas, Inci M and Xiao, Cao and Zhang, Xi and Wang, Fei and Jain, Anil K and Zhou, Jiayu},
  booktitle={Proceedings of the 23rd ACM SIGKDD International Conference on Knowledge Discovery and Data Mining},
  pages={65--74},
  year={2017},
  organization={ACM}
  }


@inproceedings{pham2016deepcare,
  title={Deepcare: A deep dynamic memory model for predictive medicine},
    author={Pham, Trang and Tran, Truyen and Phung, Dinh and Venkatesh, Svetha},
      booktitle={Pacific-Asia Conference on Knowledge Discovery and Data Mining},
        pages={30--41},
	  year={2016},
	    organization={Springer}
	    }



@inproceedings{pennington2014glove,
  title={Glove: Global vectors for word representation},
    author={Pennington, Jeffrey and Socher, Richard and Manning, Christopher},
      booktitle={Proceedings of the 2014 conference on empirical methods in natural language processing (EMNLP)},
        pages={1532--1543},
	  year={2014}
	  }

@inproceedings{choi2016multi,
  title={Multi-layer representation learning for medical concepts},
    author={Choi, Edward and Bahadori, Mohammad Taha and Searles, Elizabeth and Coffey, Catherine and Thompson, Michael and Bost, James and Tejedor-Sojo, Javier and Sun, Jimeng},
      booktitle={Proceedings of the 22nd ACM SIGKDD International Conference on Knowledge Discovery and Data Mining},
        pages={1495--1504},
	  year={2016},
	    organization={ACM}
	    }


@inproceedings{shi2018patient,
  title={Patient Disease Identification in Clinical Notes},
    author={Shi, Jinhe and Chen, Yi and Gao, Guodong and Crowley, P Kenyon and Kinsman, William C and Ha, Chenyu and King, Chelsea N and Sullivan, Eric},
      booktitle={2018 IEEE International Conference on Healthcare Informatics (ICHI)},
        pages={440--440},
	  year={2018},
	    organization={IEEE}
	    }

@article{chalapathy2016bidirectional,
  title={Bidirectional LSTM-CRF for clinical concept extraction},
    author={Chalapathy, Raghavendra and Borzeshi, Ehsan Zare and Piccardi, Massimo},
      journal={arXiv preprint arXiv:1611.08373},
        year={2016}
	}

@inproceedings{zhu2016measuring,
  title={Measuring patient similarities via a deep architecture with medical concept embedding},
    author={Zhu, Zihao and Yin, Changchang and Qian, Buyue and Cheng, Yu and Wei, Jishang and Wang, Fei},
      booktitle={Data Mining (ICDM), 2016 IEEE 16th International Conference on},
        pages={749--758},
	  year={2016},
	    organization={IEEE}
	    }

@article{miotto2016deep,
  title={Deep patient: an unsupervised representation to predict the future of patients from the electronic health records},
    author={Miotto, Riccardo and Li, Li and Kidd, Brian A and Dudley, Joel T},
      journal={Scientific reports},
        volume={6},
	  pages={26094},
	    year={2016},
	      publisher={Nature Publishing Group}
	      }

@article{suresh2017use,
  title={The use of autoencoders for discovering patient phenotypes},
    author={Suresh, Harini and Szolovits, Peter and Ghassemi, Marzyeh},
      journal={arXiv preprint arXiv:1703.07004},
        year={2017}
	}

@article{DBLP:journals/corr/Fries16,
  author    = {Jason Alan Fries},
    title     = {Brundlefly at SemEval-2016 Task 12: Recurrent Neural Networks vs.
                   Joint Inference for Clinical Temporal Information Extraction},
		     journal   = {CoRR},
		       volume    = {abs/1606.01433},
		         year      = {2016},
			   url       = {http://arxiv.org/abs/1606.01433},
			     archivePrefix = {arXiv},
			       eprint    = {1606.01433},
			         timestamp = {Wed, 07 Jun 2017 14:40:11 +0200},
				   biburl    = {https://dblp.org/rec/bib/journals/corr/Fries16},
				     bibsource = {dblp computer science bibliography, https://dblp.org}
				     }

@inproceedings{hassan2010netflix,
  title={From netflix to heart attacks: collaborative filtering in medical datasets},
    author={Hassan, Shahzaib and Syed, Zeeshan},
      booktitle={Proceedings of the 1st ACM international health informatics symposium},
        pages={128--134},
	  year={2010},
	    organization={ACM}
	    }

@inproceedings{hussein2012efficient,
  title={Efficient chronic disease diagnosis prediction and recommendation system},
    author={Hussein, Asmaa S and Omar, Wail M and Li, Xue and Ati, Modafar},
      booktitle={Biomedical Engineering and Sciences (IECBES), 2012 IEEE EMBS Conference on},
        pages={209--214},
	  year={2012},
	    organization={IEEE}
	    }

@inproceedings{dauwels2012tensor,
  title={Tensor factorization for missing data imputation in medical questionnaires},
    author={Dauwels, Justin and Garg, Lalit and Earnest, Arul and Pang, Leong Khai},
      booktitle={Acoustics, Speech and Signal Processing (ICASSP), 2012 IEEE International Conference on},
        pages={2109--2112},
	  year={2012},
	    organization={IEEE}
	    }

@inproceedings{ma2007effective,
  title={Effective missing data prediction for collaborative filtering},
    author={Ma, Hao and King, Irwin and Lyu, Michael R},
      booktitle={Proceedings of the 30th annual international ACM SIGIR conference on Research and development in information retrieval},
        pages={39--46},
	  year={2007},
	    organization={ACM}
	    }


@inproceedings{herlocker2000explaining,
  title={Explaining collaborative filtering recommendations},
    author={Herlocker, Jonathan L and Konstan, Joseph A and Riedl, John},
      booktitle={Proceedings of the 2000 ACM conference on Computer supported cooperative work},
        pages={241--250},
	  year={2000},
	    organization={ACM}
	    }

@article{simonyan2014very,
  title={Very deep convolutional networks for large-scale image recognition},
    author={Simonyan, Karen and Zisserman, Andrew},
      journal={arXiv preprint arXiv:1409.1556},
        year={2014}
	}


Download


    Source

    PDF

Actions

       Copy Project
       Word Count

Sync

       Dropbox

       Git

       GitHub

Settings
Compiler
Main document
Spell check
Auto-complete
Auto-close Brackets
Code check
Editor theme
Overall theme
Keybindings
Font Size
Font Family
Line Height
PDF Viewer
Help

       Show Hotkeys
       Documentation
       Contact Us

thesis_Amir_Joudaki

Imported from Mendeley at 1:19 pm Sat, 14th Sep 19
 

@article{Datar2004,
    title = {{Locality-Sensitive Hashing Scheme Based on P-stable Distributions}},
    year = {2004},
    journal = {Proceedings of the twentieth annual symposium on Computational geometry - SCG '04},
    author = {Datar, Mayur and Immorlica, Nicole and Indyk, Piotr and Mirrokni, Vahab S.},
    pages = {253},
    url = {http://dl.acm.org/citation.cfm?id=997817.997857},
    isbn = {1581138857},
    doi = {10.1145/997817.997857},
    keywords = {approximate nearest neighbor, locally sensitive hashing, p -stable distributions, sublinear algorithm}
}

@article{Huang1992AOverlaps,
    title = {{A contig assembly program based on sensitive detection of fragment overlaps}},
    year = {1992},
    journal = {Genomics},
    author = {Huang, Xiaoqiu},
    number = {1},
    month = {9},
    pages = {18--25},
    volume = {14},
    publisher = {Academic Press},
    url = {https://www.sciencedirect.com/science/article/pii/S0888754305802770?via%3Dihub},
    doi = {10.1016/S0888-7543(05)80277-0},
    issn = {0888-7543}
}

@article{Noe2014ADistances,
    title = {{A coverage criterion for spaced seeds and its applications to support vector machine string kernels and k-mer distances}},
    year = {2014},
    journal = {Journal of Computational Biology},
    author = {Noe, Laurent and Martin, Donald E.K.},
    number = {12},
    month = {12},
    pages = {947--963},
    volume = {21},
    publisher = {Mary Ann Liebert, Inc.},
    url = {http://www.ncbi.nlm.nih.gov/pubmed/25393923 http://www.pubmedcentral.nih.gov/articlerender.fcgi?artid=PMC4253314},
    doi = {10.1089/cmb.2014.0173},
    issn = {10665277},
    pmid = {25393923},
    keywords = {alignment-free distance, coverage, spaced seeds, support vector machine}
}

@article{Jain2018ADatabases,
    title = {{A fast approximate algorithm for mapping long reads to large reference databases}},
    year = {2018},
    journal = {Journal of Computational Biology},
    author = {Jain, Chirag and Dilthey, Alexander and Koren, Sergey and Aluru, Srinivas and Phillippy, Adam M.},
    number = {7},
    pages = {766--779},
    volume = {25},
    doi = {10.1089/cmb.2018.0036},
    issn = {10665277},
    keywords = {Jaccard, MinHash, long-read mapping, minimizers, sketching, winnowing.}
}

@article{Marcais2011AK-mers,
    title = {{A fast, lock-free approach for efficient parallel counting of occurrences of k-mers}},
    year = {2011},
    journal = {Bioinformatics},
    author = {Marcais, Guillaume and Kingsford, Carl},
    number = {6},
    month = {3},
    pages = {764--770},
    volume = {27},
    publisher = {Oxford University Press},
    url = {http://www.ncbi.nlm.nih.gov/pubmed/21217122 http://www.pubmedcentral.nih.gov/articlerender.fcgi?artid=PMC3051319},
    doi = {10.1093/bioinformatics/btr011},
    issn = {13674803},
    pmid = {21217122}
}

@article{Masek1980ADistances,
    title = {{A faster algorithm computing string edit distances}},
    year = {1980},
    journal = {Journal of Computer and System Sciences},
    author = {Masek, William J. and Paterson, Michael S.},
    number = {1},
    month = {2},
    pages = {18--31},
    volume = {20},
    publisher = {Academic Press},
    url = {https://www.sciencedirect.com/science/article/pii/0022000080900021},
    doi = {10.1016/0022-0000(80)90002-1},
    issn = {0022-0000}
}

@article{Needleman1970AProteins,
    title = {{A general method applicable to the search for similarities in the amino acid sequence of two proteins}},
    year = {1970},
    journal = {Journal of Molecular Biology},
    author = {Needleman, Saul B. and Wunsch, Christian D.},
    number = {3},
    month = {3},
    pages = {443--453},
    volume = {48},
    publisher = {Academic Press},
    url = {https://www.sciencedirect.com/science/article/pii/0022283670900574},
    doi = {10.1016/0022-2836(70)90057-4},
    issn = {00222836}
}

@article{Gonzalo2001AMatching,
    title = {{A guided tour to approximate sring matching}},
    year = {2001},
    journal = {ACM Computing surveys},
    author = {Gonzalo, N.},
    number = {1},
    pages = {31--88},
    volume = {33}
}

@article{Hirschberg1975ASubsequences,
    title = {{A linear space algorithm for computing maximal common subsequences}},
    year = {1975},
    journal = {Communications of the ACM},
    author = {Hirschberg, D. S. and S., D.},
    number = {6},
    month = {6},
    pages = {341--343},
    volume = {18},
    publisher = {ACM},
    url = {http://portal.acm.org/citation.cfm?doid=360825.360861},
    doi = {10.1145/360825.360861},
    issn = {00010782},
    keywords = {editing, longest common sequence, string correction, subsequence}
}

@book{Foucart2013ASensing,
    title = {{A mathematical introduction to compressive sensing}},
    year = {2013},
    booktitle = {Applied and Numerical Harmonic Analysis},
    author = {Foucart, Simon and Rauhut, Holger},
    number = {9780817649470},
    pages = {1--615},
    isbn = {9780817649470},
    issn = {22965017}
}

@article{Otu2003AConstruction,
    title = {{A new sequence distance measure for phylogenetic tree construction}},
    year = {2003},
    journal = {Bioinformatics},
    author = {Otu, H. H. and Sayood, K.},
    number = {16},
    month = {11},
    pages = {2122--2130},
    volume = {19},
    publisher = {Narnia},
    url = {https://academic.oup.com/bioinformatics/article-lookup/doi/10.1093/bioinformatics/btg295},
    doi = {10.1093/bioinformatics/btg295},
    issn = {1367-4803}
}

@article{Liu2008ASubtyping,
    title = {{A novel feature-based method for whole genome phylogenetic analysis without alignment: Application to HEV genotyping and subtyping}},
    year = {2008},
    journal = {Biochemical and Biophysical Research Communications},
    author = {Liu, Zhihua and Meng, Jihong and Sun, Xiao},
    number = {2},
    month = {4},
    pages = {223--230},
    volume = {368},
    publisher = {Academic Press},
    url = {https://www.sciencedirect.com/science/article/pii/S0006291X08000843?via%3Dihub},
    doi = {10.1016/J.BBRC.2008.01.070},
    issn = {0006-291X}
}

@article{Seker2014ACharacters,
    title = {{A Novel String Distance Function Based on Most Frequent K Characters}},
    year = {2014},
    journal = {International Journal of Machine Learning and Computing},
    author = {Seker, Sadi Evren and Altun, Oguz and Ayan, Uğur and Mert, Cihan},
    number = {2},
    pages = {177--182},
    volume = {4},
    doi = {10.7763/ijmlc.2014.v4.408}
}

@article{From2013AInequality,
    title = {{A refinement of Hoeffding's inequality}},
    year = {2013},
    journal = {Journal of Statistical Computation and Simulation},
    author = {From, Steven G. and Swift, Andrew W.},
    number = {5},
    month = {5},
    pages = {977--983},
    volume = {83},
    url = {http://www.tandfonline.com/doi/abs/10.1080/00949655.2011.644290},
    doi = {10.1080/00949655.2011.644290},
    issn = {0094-9655}
}

@article{Lippert2005AData,
    title = {{A Space-Efficient Construction of the Burrows–Wheeler Transform for Genomic Data}},
    year = {2005},
    journal = {Journal of Computational Biology},
    author = {Lippert, Ross A. and Mobarry, Clark M. and Walenz, Brian P.},
    number = {7},
    month = {9},
    pages = {943--951},
    volume = {12},
    url = {http://www.ncbi.nlm.nih.gov/pubmed/16201914 http://www.liebertpub.com/doi/10.1089/cmb.2005.12.943},
    doi = {10.1089/cmb.2005.12.943},
    issn = {1066-5277},
    pmid = {16201914}
}

@article{Lippert2005ADatab,
    title = {{A Space-Efficient Construction of the Burrows–Wheeler Transform for Genomic Data}},
    year = {2005},
    journal = {Journal of Computational Biology},
    author = {Lippert, Ross A. and Mobarry, Clark M. and Walenz, Brian P.},
    number = {7},
    month = {9},
    pages = {943--951},
    volume = {12},
    url = {http://www.ncbi.nlm.nih.gov/pubmed/16201914 http://www.liebertpub.com/doi/10.1089/cmb.2005.12.943},
    doi = {10.1089/cmb.2005.12.943},
    issn = {1066-5277},
    pmid = {16201914}
}

@article{RobertR.SokalandCharlesMichener1958ARelationships,
    title = {{A statistical method for evaluating systematic relationships}},
    year = {1958},
    journal = {University of Kansas Science Bulletin},
    author = {{Robert R. Sokal and Charles Michener}},
    number = {March},
    pages = {1409--1438},
    volume = {38},
    url = {http://ci.nii.ac.jp/naid/10011579647/en/},
    isbn = {0254643000},
    doi = {citeulike-article-id:1327877},
    issn = {0022-8850},
    keywords = {http://www.archive.org/details/universityofkans42u}
}

@article{Damerau1964AErrors,
    title = {{A technique for computer detection and correction of spelling errors}},
    year = {1964},
    journal = {Communications of the ACM},
    author = {Damerau, Fred J. and J., Fred},
    number = {3},
    month = {3},
    pages = {171--176},
    volume = {7},
    publisher = {ACM},
    url = {http://portal.acm.org/citation.cfm?doid=363958.363994},
    doi = {10.1145/363958.363994},
    issn = {00010782}
}

@article{Fakcharoenphol2004AMetrics,
    title = {{A tight bound on approximating arbitrary metrics by tree metrics}},
    year = {2004},
    journal = {Journal of Computer and System Sciences},
    author = {Fakcharoenphol, Jittat and Rao, Satish and Talwar, Kunal},
    number = {3 SPEC. ISS.},
    pages = {485--497},
    volume = {69},
    doi = {10.1016/j.jcss.2004.04.011},
    issn = {00220000},
    keywords = {Embeddings, Metrics, Tree Metrics}
}

@article{EW2000ADrosophila,
    title = {{A Whole-Genome Assembly of Drosophila}},
    year = {2000},
    journal = {Science},
    author = {EW, Myers and GG, Sutton and AL, Delcher and IM, Dew and DP, Fasulo and MJ, Flanigan and SA, Kravitz and CM, Mobarry and KHJ, Reinert and KA, Remington and EL, Anson and RA, Bolanos and HH, Chou and CM, Jordan and AL, Halpern and S, Lonardi and EM, Beasley and RC, Brandon and L, Chen and PJ, Dunn and Z, Lai and Y, Liang and DR, Nusskern and M, Zhan and Q, Zhang and X, Zheng and GM, Rubin and MD, Adams and JC, Venter},
    number = {5461},
    pages = {2196--2204},
    volume = {287}
}

@article{Massart2000AdaptiveSelection,
    title = {{Adaptive estimation of a quadratic functional by model selection}},
    year = {2000},
    journal = {The Annals of Statistics},
    author = {Massart, P. and Laurent, B.},
    number = {5},
    month = {10},
    pages = {1302--1338},
    volume = {28},
    publisher = {Institute of Mathematical Statistics},
    url = {http://projecteuclid.org/euclid.aos/1015957395},
    doi = {10.1214/aos/1015957395}
}

@article{Petsa2010AdaptiveSelection,
    title = {{Adaptive quadratic functional estimation of a weighted density by model selection}},
    year = {2010},
    journal = {Statistics},
    author = {Petsa, Athanasia and Sapatinas, Theofanis},
    number = {6},
    month = {10},
    pages = {571--585},
    volume = {44},
    publisher = {Institute of Mathematical Statistics},
    url = {http://projecteuclid.org/euclid.aos/1015957395},
    doi = {10.1080/02331880903237114},
    issn = {02331888},
    keywords = {Adaptive minimax estimation, Besov bodies, Haar basis, Projection estimators, Quadratic functional estimation, Weighted distributions}
}

@article{Dalquen2012ALF-AEvolution,
    title = {{ALF-A simulation framework for genome evolution}},
    year = {2012},
    journal = {Molecular Biology and Evolution},
    author = {Dalquen, Daniel A. and Anisimova, Maria and Gonnet, Gaston H. and Dessimoz, Christophe},
    number = {4},
    pages = {1115--1123},
    volume = {29},
    doi = {10.1093/molbev/msr268},
    issn = {07374038},
    keywords = {GC-content amelioration, codon models, genome evolution, indel, lateral gene transfer, simulation}
}

@book{Gusfield1985AlgorithmsSequences,
    title = {{Algorithms on Strings, Trees, and Sequences}},
    year = {1985},
    booktitle = {Cambridge University Press},
    author = {Gusfield, Dan},
    number = {329},
    pages = {0--0},
    volume = {57},
    doi = {10.1090/memo/0329},
    issn = {0065-9266}
}

@book{Gusfield1997AlgorithmsBiology,
    title = {{Algorithms on strings, trees, and sequences : computer science and computational biology}},
    year = {1997},
    author = {Gusfield, Dan.},
    pages = {534},
    publisher = {Cambridge University Press},
    url = {http://agris.fao.org/agris-search/search.do?recordID=US201300308639},
    isbn = {0521585198},
    keywords = {Data processing, Molecular biology], [Computer algorithms}
}

@article{Louza2019AlgorithmsDistribution,
    title = {{Algorithms to compute the Burrows-Wheeler Similarity Distribution}},
    year = {2019},
    journal = {Theoretical Computer Science},
    author = {Louza, Felipe A. and Telles, Guilherme P. and Gog, Simon and Zhao, Liang},
    pages = {145--156},
    volume = {782},
    publisher = {Elsevier B.V.},
    url = {https://doi.org/10.1016/j.tcs.2019.03.012},
    doi = {10.1016/j.tcs.2019.03.012},
    issn = {03043975},
    keywords = {Burrows-Wheeler transform, Compressed data structures, Parallel algorithms, String collections, String similarity}
}

@article{Earl2014Alignathon:Methods,
    title = {{Alignathon: A competitive assessment of whole-genome alignment methods}},
    year = {2014},
    journal = {Genome Research},
    author = {Earl, Dent and Nguyen, Ngan and Hickey, Glenn and Harris, Robert S. and Fitzgerald, Stephen and Beal, Kathryn and Seledtsov, Igor and Molodtsov, Vladimir and Raney, Brian J. and Clawson, Hiram and Kim, Jaebum and Kemena, Carsten and Chang, Jia Ming and Erb, Ionas and Poliakov, Alexander and Hou, Minmei and Herrero, Javier and Kent, William James and Solovyev, Victor and Darling, Aaron E. and Ma, Jian and Notredame, Cedric and Brudno, Michael and Dubchak, Inna and Haussler, David and Paten, Benedict},
    number = {12},
    pages = {2077--2089},
    volume = {24},
    doi = {10.1101/gr.174920.114},
    issn = {15495469}
}

@article{Blanchette2004AligningAligner,
    title = {{Aligning multiple genomic sequences with the threaded blockset aligner}},
    year = {2004},
    journal = {Genome Research},
    author = {Blanchette, Mathieu and Kent, W. James and Riemer, Cathy and Elnitski, Laura and Smith, Arian F.A. and Roskin, Krishna M. and Baertsch, Robert and Rosenbloom, Kate and Clawson, Hiram and Green, Eric D. and Haussler, David and Miller, Webb},
    number = {4},
    pages = {708--715},
    volume = {14},
    doi = {10.1101/gr.1933104},
    issn = {10889051}
}

@article{Berard2016AligningAlignments,
    title = {{Aligning the unalignable: Bacteriophage whole genome alignments}},
    year = {2016},
    journal = {BMC Bioinformatics},
    author = {B{\'{e}}rard, Sèverine and Chateau, Annie and Pompidor, Nicolas and Guertin, Paul and Bergeron, Anne and Swenson, Krister M.},
    number = {1},
    pages = {1--13},
    volume = {17},
    doi = {10.1186/s12859-015-0869-5},
    issn = {14712105},
    keywords = {Bacteriophages, Comparative genomics, Partial orders, Whole genome alignments}
}

@article{Kolekar2012Alignment-freeSubtyping,
    title = {{Alignment-free distance measure based on return time distribution for sequence analysis: Applications to clustering, molecular phylogeny and subtyping}},
    year = {2012},
    journal = {Molecular Phylogenetics and Evolution},
    author = {Kolekar, Pandurang and Kale, Mohan and Kulkarni-Kale, Urmila},
    number = {2},
    month = {11},
    pages = {510--522},
    volume = {65},
    publisher = {Academic Press},
    url = {https://www.sciencedirect.com/science/article/pii/S1055790312002606?via%3Dihub},
    doi = {10.1016/J.YMPEV.2012.07.003},
    issn = {1055-7903}
}

@article{Reinert2009Alignment-freePower,
    title = {{Alignment-free sequence comparison (I): Statistics and power}},
    year = {2009},
    journal = {Journal of Computational Biology},
    author = {Reinert, Gesine and Chew, David and Sun, Fengzhu and Waterman, Michael S},
    number = {12},
    month = {12},
    pages = {1615--1634},
    volume = {16},
    publisher = {Mary Ann Liebert, Inc.},
    url = {http://www.ncbi.nlm.nih.gov/pubmed/20001252 http://www.pubmedcentral.nih.gov/articlerender.fcgi?artid=PMC2818754},
    doi = {10.1089/cmb.2009.0198},
    issn = {10665277},
    pmid = {20001252},
    keywords = {Alignment-free, Normal approximation, Normal distribution, Sequence alignment, Word count statistics}
}

@article{Mak2009AllSensitivity,
    title = {{All hits all the time: parameter-free calculation of spaced seed sensitivity}},
    year = {2009},
    journal = {Bioinformatics},
    author = {Mak, D. Y.F. and Benson, G.},
    number = {3},
    month = {2},
    pages = {302--308},
    volume = {25},
    publisher = {Narnia},
    url = {https://academic.oup.com/bioinformatics/article-lookup/doi/10.1093/bioinformatics/btn643},
    doi = {10.1093/bioinformatics/btn643},
    issn = {1367-4803}
}

@inproceedings{Brill2000AnCorrection,
    title = {{An improved error model for noisy channel spelling correction}},
    year = {2000},
    booktitle = {Proceedings of the 38th Annual Meeting on Association for Computational Linguistics},
    author = {Brill, Eric and Moore, Robert C.},
    number = {Kukich 1992},
    pages = {286--293},
    doi = {10.3115/1075218.1075255}
}

@book{Tao2011AnTheory,
    title = {{An introduction to measure theory}},
    year = {2011},
    booktitle = {International Journal Of Product Development},
    author = {Tao, Terence},
    number = {1-2},
    pages = {206},
    volume = {7},
    url = {http://scholar.google.com/scholar?hl=en&btnG=Search&q=intitle:An+introduction+to+measure+theory#0},
    isbn = {082188428X},
    doi = {10.1090/gsm/126},
    issn = {0821869191}
}

@book{TaoAnTao,
    title = {{An introduction to measure theory Terence Tao}},
    author = {Tao, Terence}
}

@article{Haubold2015Andi:Genomes,
    title = {{andi: Fast and accurate estimation of evolutionary distances between closely related genomes}},
    year = {2015},
    journal = {Bioinformatics},
    author = {Haubold, Bernhard and Klotzl, Fabian and Pfaffelhuber, Peter},
    number = {8},
    month = {4},
    pages = {1169--1175},
    volume = {31},
    publisher = {Narnia},
    url = {https://academic.oup.com/bioinformatics/article-lookup/doi/10.1093/bioinformatics/btu815},
    doi = {10.1093/bioinformatics/btu815},
    issn = {1460-2059}
}

@inproceedings{Indyk1998ApproximateNeighbors,
    title = {{Approximate nearest neighbors}},
    year = {1998},
    booktitle = {Proceedings of the thirtieth annual ACM symposium on Theory of computing  - STOC '98},
    author = {Indyk, Piotr and Motwani, Rajeev},
    pages = {604--613},
    publisher = {ACM Press},
    url = {http://portal.acm.org/citation.cfm?doid=276698.276876},
    address = {New York, New York, USA},
    isbn = {0897919629},
    doi = {10.1145/276698.276876}
}

@article{Cole2002ApproximateAlgorithm,
    title = {{Approximate string matching: A simpler faster algorithm}},
    year = {2002},
    journal = {SIAM Journal on Computing},
    author = {Cole, Richard and Hariharan, Ramesh},
    number = {6},
    pages = {1761–1782},
    volume = {31},
    url = {https://epubs.siam.org/doi/pdf/10.1137/S0097539700370527},
    isbn = {0036142900373},
    keywords = {1, 35l60, 45d05, 65m06, 92d25, 92d30, active tuber-, ams subject classifications, distributed delays, eight million people develop, introduction, it is reported that, mathematical models, pii, s003613990038205x, stability, tuberculosis}
}

@inproceedings{Bar-Yossef2004ApproximatingEfficiently,
    title = {{Approximating edit distance efficiently}},
    year = {2004},
    booktitle = {Proceedings - Annual IEEE Symposium on Foundations of Computer Science, FOCS},
    author = {Bar-Yossef, Ziv and Jayram, T S and Krauthgamer, Robert and Kumar, Ravi},
    pages = {550--559},
    url = {http://citeseerx.ist.psu.edu/viewdoc/download?doi=10.1.1.80.891&rep=rep1&type=pdf},
    issn = {02725428}
}

@article{Andoni2012ApproximatingTime,
    title = {{Approximating edit distance in near-linear time}},
    year = {2012},
    journal = {SIAM Journal on Computing},
    author = {Andoni, Alexandr and Onak, Krzysztof},
    number = {6},
    pages = {1635--1648},
    volume = {41},
    doi = {10.1137/090767182},
    issn = {00975397},
    arxivId = {arXiv:1109.5635v1},
    keywords = {Approximation algorithms, Edit distance, Metric embeddings}
}

@article{Time2018ApproximatingTime,
    title = {{Approximating Edit Distance Within Constant Factor in Truly Sub-Quadratic Time}},
    year = {2018},
    author = {Time, Sub-quadratic and Chakraborty, Diptarka and Das, Debarati and Goldenberg, Elazar and Koucky, Michal},
    pages = {0--35}
}

@inproceedings{Chakraborty2018ApproximatingTime,
    title = {{Approximating edit distance within constant factor in truly sub-quadratic time}},
    year = {2018},
    booktitle = {Proceedings - Annual IEEE Symposium on Foundations of Computer Science, FOCS},
    author = {Chakraborty, Diptarka and Das, Debarati and Goldenberg, Elazar and Kouck{\'{y}}, Michal and Saks, Michael},
    month = {10},
    pages = {979--990},
    volume = {2018-Octob},
    publisher = {IEEE},
    url = {https://ieeexplore.ieee.org/document/8555174/},
    isbn = {9781538642306},
    doi = {10.1109/FOCS.2018.00096},
    issn = {02725428},
    keywords = {Approximation algorithm, Edit distance, Randomized algorithm, Sub-quadratic time algorithm}
}

@article{deKlerk2002ApproximationProgramming,
    title = {{Approximation of the Stability Number of a Graph via Copositive Programming}},
    year = {2002},
    journal = {SIAM Journal on Optimization},
    author = {de Klerk, E. and Pasechnik, D. V.},
    number = {4},
    month = {1},
    pages = {875--892},
    volume = {12},
    url = {http://epubs.siam.org/doi/10.1137/S1052623401383248},
    doi = {10.1137/S1052623401383248},
    issn = {1052-6234}
}

@article{Earl2011AssemblathonMethods,
    title = {{Assemblathon 1: A competitive assessment of de novo short read assembly methods}},
    year = {2011},
    journal = {Genome Research},
    author = {Earl, Dent and Bradnam, Keith and St. John, John and Darling, Aaron and Lin, Dawei and Fass, Joseph and Yu, Hung On Ken and Buffalo, Vince and Zerbino, Daniel R. and Diekhans, Mark and Nguyen, Ngan and Ariyaratne, Pramila Nuwantha and Sung, Wing Kin and Ning, Zemin and Haimel, Matthias and Simpson, Jared T. and Fonseca, Nuno A. and Birol, Inanç and Docking, T. Roderick and Ho, Isaac Y. and Rokhsar, Daniel S. and Chikhi, Rayan and Lavenier, Dominique and Chapuis, Guillaume and Naquin, Delphine and Maillet, Nicolas and Schatz, Michael C. and Kelley, David R. and Phillippy, Adam M. and Koren, Sergey and Yang, Shiaw Pyng and Wu, Wei and Chou, Wen Chi and Srivastava, Anuj and Shaw, Timothy I. and Ruby, J. Graham and Skewes-Cox, Peter and Betegon, Miguel and Dimon, Michelle T. and Solovyev, Victor and Seledtsov, Igor and Kosarev, Petr and Vorobyev, Denis and Ramirez-Gonzalez, Ricardo and Leggett, Richard and MacLean, Dan and Xia, Fangfang and Luo, Ruibang and Li, Zhenyu and Xie, Yinlong and Liu, Binghang and Gnerre, Sante and MacCallum, Iain and Przybylski, Dariusz and Ribeiro, Filipe J. and Sharpe, Ted and Hall, Giles and Kersey, Paul J. and Durbin, Richard and Jackman, Shaun D. and Chapman, Jarrod A. and Huang, Xiaoqiu and DeRisi, Joseph L. and Caccamo, Mario and Li, Yingrui and Jaffe, David B. and Green, Richard E. and Haussler, David and Korf, Ian and Paten, Benedict},
    number = {12},
    pages = {2224--2241},
    volume = {21},
    doi = {10.1101/gr.126599.111},
    issn = {10889051}
}

@article{Altschul1990BasicTool,
    title = {{Basic local alignment search tool}},
    year = {1990},
    journal = {Journal of Molecular Biology},
    author = {Altschul, Stephen F. and Gish, Warren and Miller, Webb and Myers, Eugene W. and Lipman, David J.},
    number = {3},
    month = {10},
    pages = {403--410},
    volume = {215},
    publisher = {Academic Press},
    url = {https://www.sciencedirect.com/science/article/pii/S0022283605803602},
    doi = {10.1016/S0022-2836(05)80360-2},
    issn = {00222836}
}

@article{Nute2018BenchmarkingUrbana-Champaign,
    title = {{Benchmarking Statistical Multiple Sequence Alignment Michael Nute, Ehsan Saleh, and Tandy Warnow The University of Illinois at Urbana-Champaign}},
    year = {2018},
    journal = {bioRxiv},
    author = {Nute, Michael and Saleh, Ehsan and Warnow, Tandy},
    url = {http://dx.doi.org/10.1101/304659. The},
    doi = {10.1038/sj.bdj.2014.979},
    issn = {0007-0610}
}

@article{Noe2017BestSeeds.,
    title = {{Best hits of 11110110111: model-free selection and parameter-free sensitivity calculation of spaced seeds.}},
    year = {2017},
    journal = {Algorithms for molecular biology : AMB},
    author = {No{\'{e}}, Laurent},
    pages = {1},
    volume = {12},
    publisher = {BioMed Central},
    url = {http://www.ncbi.nlm.nih.gov/pubmed/28289437 http://www.pubmedcentral.nih.gov/articlerender.fcgi?artid=PMC5310094},
    doi = {10.1186/s13015-017-0092-1},
    issn = {1748-7188},
    pmid = {28289437},
    keywords = {Bernoulli, Counting semi-ring, DFA, Dirac, Dominant seeds, Heaviside, Hit Integration, Polynomial form, Spaced seeds}
}

@article{Levenshtein1966BinaryReversals,
    title = {{Binary codes capable of correcting deletions, insertions, and reversals}},
    year = {1966},
    journal = {Soviet physics doklady},
    author = {Levenshtein, Vladimir I},
    pages = {707--710},
    volume = {10}
}

@book{Mount2004BioinformaticsAnalysis,
    title = {{Bioinformatics : sequence and genome analysis}},
    year = {2004},
    author = {Mount, David W.},
    pages = {692},
    publisher = {Cold Spring Harbor Laboratory Press},
    url = {https://www.cshlpress.com/default.tpl?cart=156821410113524365&fromlink=T&linkaction=full&linksortby=oop_title&--eqSKUdatarq=466},
    isbn = {9780879697129}
}

@article{Paten2011Cactus:Alignment,
    title = {{Cactus: Algorithms for genome multiple sequence alignment}},
    year = {2011},
    journal = {Genome Research},
    author = {Paten, Benedict and Earl, Dent and Nguyen, Ngan and Diekhans, Mark and Zerbino, Daniel and Haussler, David},
    number = {9},
    pages = {1512--1528},
    volume = {21},
    doi = {10.1101/gr.123356.111},
    issn = {10889051}
}

@article{Cheng2013CGAP:Genomes.,
    title = {{CGAP: a new comprehensive platform for the comparative analysis of chloroplast genomes.}},
    year = {2013},
    journal = {BMC bioinformatics},
    author = {Cheng, Jinkui and Zeng, Xu and Ren, Guomin and Liu, Zhihua},
    month = {3},
    pages = {95},
    volume = {14},
    publisher = {BioMed Central},
    url = {http://www.ncbi.nlm.nih.gov/pubmed/23496817 http://www.pubmedcentral.nih.gov/articlerender.fcgi?artid=PMC3636126},
    doi = {10.1186/1471-2105-14-95},
    issn = {1471-2105},
    pmid = {23496817}
}

@article{Saw1984ChebyshevVariance,
    title = {{Chebyshev Inequality with Estimated Mean and Variance}},
    year = {1984},
    journal = {The American Statistician},
    author = {Saw, John G. and Yang, Mark C.K. and Mo, Tse Chin},
    number = {2},
    month = {5},
    pages = {130--132},
    volume = {38},
    url = {http://www.tandfonline.com/doi/abs/10.1080/00031305.1984.10483182},
    doi = {10.1080/00031305.1984.10483182},
    issn = {0003-1305}
}

@article{Larkin2007Clustal2.0,
    title = {{Clustal W and Clustal X version 2.0}},
    year = {2007},
    journal = {Bioinformatics},
    author = {Larkin, M. A. and Blackshields, G. and Brown, N. P. and Chenna, R. and Mcgettigan, P. A. and McWilliam, H. and Valentin, F. and Wallace, I. M. and Wilm, A. and Lopez, R. and Thompson, J. D. and Gibson, T. J. and Higgins, D. G.},
    number = {21},
    pages = {2947--2948},
    volume = {23},
    doi = {10.1093/bioinformatics/btm404},
    issn = {13674803}
}

@article{Rashtchian2017ClusteringStorage,
    title = {{Clustering billions of reads for DNA Data storage}},
    year = {2017},
    journal = {Advances in Neural Information Processing Systems},
    author = {Rashtchian, Cyrus and Makarychev, Konstantin and R{\'{a}}cz, Miklós and Ang, Siena Dumas and Jevdjic, Djordje and Yekhanin, Sergey and Ceze, Luis and Strauss, Karin},
    number = {Nips},
    pages = {3361--3372},
    volume = {2017-Decem},
    issn = {10495258}
}

@article{Yi2013Co-phylog:Organisms.,
    title = {{Co-phylog: an assembly-free phylogenomic approach for closely related organisms.}},
    year = {2013},
    journal = {Nucleic acids research},
    author = {Yi, Huiguang and Jin, Li},
    number = {7},
    month = {4},
    pages = {e75},
    volume = {41},
    publisher = {Oxford University Press},
    url = {http://www.ncbi.nlm.nih.gov/pubmed/23335788 http://www.pubmedcentral.nih.gov/articlerender.fcgi?artid=PMC3627563},
    doi = {10.1093/nar/gkt003},
    issn = {1362-4962},
    pmid = {23335788}
}

@book{Lovasz2007CombinatorialExercises,
    title = {{Combinatorial Problems and Exercises}},
    year = {2007},
    booktitle = {Combinatorial Problems and Exercises},
    author = {Lov{\'{a}}sz, László},
    isbn = {044481504X},
    doi = {10.1090/chel/361}
}

@article{Berinde2008CombiningRecovery,
    title = {{Combining geometry and combinatorics: A unified approach to sparse signal recovery}},
    year = {2008},
    journal = {46th Annual Allerton Conference on Communication, Control, and Computing},
    author = {Berinde, R. and Gilbert, A. C. and Indyk, P. and Karloff, H. and Strauss, M. J.},
    pages = {798--805},
    publisher = {IEEE},
    isbn = {9781424429264},
    doi = {10.1109/ALLERTON.2008.4797639}
}

@article{Fiddes2018ComparativeAnnotation,
    title = {{Comparative Annotation Toolkit (CAT)-simultaneous clade and personal genome annotation}},
    year = {2018},
    journal = {Genome Research},
    author = {Fiddes, Ian T. and Armstrong, Joel and Diekhans, Mark and Nachtweide, Stefanie and Kronenberg, Zev N. and Underwood, Jason G. and Gordon, David and Earl, Dent and Keane, Thomas and Eichler, Evan E. and Haussler, David and Stanke, Mario and Paten, Benedict},
    number = {7},
    pages = {1029--1038},
    volume = {28},
    doi = {10.1101/gr.233460.117},
    issn = {15495469}
}

@article{Robinson1981ComparisonTrees,
    title = {{Comparison of phylogenetic trees}},
    year = {1981},
    journal = {Mathematical Biosciences},
    author = {Robinson, D.F. and Foulds, L.R.},
    number = {1-2},
    month = {2},
    pages = {131--147},
    volume = {53},
    publisher = {Elsevier},
    url = {https://www.sciencedirect.com/science/article/pii/0025556481900432},
    doi = {10.1016/0025-5564(81)90043-2},
    issn = {0025-5564}
}

@article{Donoho2009CompressedSensing,
    title = {{Compressed Sensing}},
    year = {2009},
    journal = {IEEE Transactions on Information Theory},
    author = {Donoho, David L.},
    number = {4},
    pages = {1289--1306},
    volume = {2009}
}

@article{Valimaki2007CompressedAnalysis,
    title = {{Compressed suffix tree a basis for genome-scale sequence analysis}},
    year = {2007},
    journal = {Bioinformatics},
    author = {Valimaki, N. and Gerlach, W. and Dixit, K. and Makinen, V.},
    number = {5},
    month = {3},
    pages = {629--630},
    volume = {23},
    url = {http://www.ncbi.nlm.nih.gov/pubmed/17237063 https://academic.oup.com/bioinformatics/article-lookup/doi/10.1093/bioinformatics/btl681},
    doi = {10.1093/bioinformatics/btl681},
    issn = {1367-4803},
    pmid = {17237063}
}

@article{Achlioptas2003Database-friendlyCoins,
    title = {{Database-friendly random projections: Johnson-Lindenstrauss with binary coins}},
    year = {2003},
    journal = {Journal of Computer and System Sciences},
    author = {Achlioptas, Dimitris},
    number = {4},
    pages = {671--687},
    volume = {66},
    doi = {10.1016/S0022-0000(03)00025-4},
    issn = {00220000}
}

@article{Li2010DeSequencing,
    title = {{De novo assembly of human genomes with massively parallel short read sequencing}},
    year = {2010},
    journal = {Genome Research},
    author = {Li, Ruiqiang and Zhu, Hongmei and Ruan, Jue and Qian, Wubin and Fang, Xiaodong and Shi, Zhongbin and Li, Yingrui and Li, Shengting and Shan, Gao and Kristiansen, Karsten and Li, Songgang and Yang, Huanming and Wang, Jian and Wang, Jun},
    number = {2},
    month = {2},
    pages = {265--272},
    volume = {20},
    publisher = {Cold Spring Harbor Laboratory Press},
    url = {http://www.ncbi.nlm.nih.gov/pubmed/20019144 http://www.pubmedcentral.nih.gov/articlerender.fcgi?artid=PMC2813482},
    doi = {10.1101/gr.097261.109},
    issn = {10889051},
    pmid = {20019144}
}

@article{Kaski1998DimensionalityProceedings,
    title = {{Dimensionality reduction by random mapping: fast similarity computation for clustering. In: The neural networks proceedings}},
    year = {1998},
    journal = {IEEE World Congress on Computational Intelligence},
    author = {Kaski, S.},
    number = {1},
    pages = {4--9},
    isbn = {0780348591}
}

@article{Pinho2013DNAGlance,
    title = {{DNA Sequences at a Glance}},
    year = {2013},
    journal = {PLoS ONE},
    author = {Pinho, Armando J. and Garcia, Sara P. and Pratas, Diogo and Ferreira, Paulo J. S. G.},
    editor = {Gibas, Cynthia},
    number = {11},
    month = {11},
    pages = {e79922},
    volume = {8},
    publisher = {Public Library of Science},
    url = {https://dx.plos.org/10.1371/journal.pone.0079922},
    doi = {10.1371/journal.pone.0079922},
    issn = {1932-6203}
}

@article{Backurs2018EditFalse,
    title = {{Edit distance cannot be computed in strongly subquadratic time (unless seth is false)}},
    year = {2018},
    journal = {SIAM Journal on Computing},
    author = {Backurs, Arturs and Indyk, Piotr},
    number = {3},
    pages = {1087--1097},
    volume = {47},
    doi = {10.1137/15M1053128},
    issn = {10957111},
    arxivId = {arXiv:1412.0348v4},
    keywords = {Conditional hardness, Edit distance, Pattern matching, SETH}
}

@article{Belazzougui2016EditExchange,
    title = {{Edit Distance: Sketching, Streaming, and Document Exchange}},
    year = {2016},
    journal = {Proceedings - Annual IEEE Symposium on Foundations of Computer Science, FOCS},
    author = {Belazzougui, Djamal and Zhang, Qin},
    pages = {51--60},
    volume = {2016-Decem},
    isbn = {9781509039333},
    doi = {10.1109/FOCS.2016.15},
    issn = {02725428},
    arxivId = {arXiv:1607.04200v1},
    keywords = {Document exchange, Edit distance, Sketching, Streaming}
}

@article{Durbin2014EfficientPBWT,
    title = {{Efficient haplotype matching and storage using the positional Burrows-Wheeler transform (PBWT)}},
    year = {2014},
    journal = {Bioinformatics},
    author = {Durbin, R.},
    number = {9},
    month = {5},
    pages = {1266--1272},
    volume = {30},
    publisher = {Narnia},
    url = {https://academic.oup.com/bioinformatics/article-lookup/doi/10.1093/bioinformatics/btu014},
    doi = {10.1093/bioinformatics/btu014},
    issn = {1367-4803}
}

@article{Kushilevitz2000EfficientSpaces,
    title = {{Efficient search for approximate nearest neighbor in high dimensional spaces}},
    year = {2000},
    journal = {SIAM Journal on Computing},
    author = {Kushilevitz, Eyal and Ostrovsky, Rafail and Rabani, Yuval},
    number = {2},
    month = {1},
    pages = {457--474},
    volume = {30},
    publisher = {Society for Industrial and Applied Mathematics},
    url = {http://epubs.siam.org/doi/10.1137/S0097539798347177},
    doi = {10.1137/S0097539798347177},
    issn = {00975397},
    keywords = {Data structures, Nearest neighbor search, Random projections}
}

@article{Kushilevitz2000EfficientSpacesb,
    title = {{Efficient search for approximate nearest neighbor in high dimensional spaces}},
    year = {2000},
    journal = {SIAM Journal on Computing},
    author = {Kushilevitz, Eyal and Ostrovsky, Rafail and Rabani, Yuval},
    number = {2},
    pages = {457--474},
    volume = {30},
    publisher = {ACM Press},
    url = {http://portal.acm.org/citation.cfm?doid=276698.276877},
    address = {New York, New York, USA},
    isbn = {0897919629},
    doi = {10.1137/S0097539798347177},
    issn = {00975397},
    keywords = {Data structures, Nearest neighbor search, Random projections}
}

@article{Apostolico2010EfficientAnalysis,
    title = {{Efficient tools for comparative substring analysis}},
    year = {2010},
    journal = {Journal of Biotechnology},
    author = {Apostolico, Alberto and Denas, Olgert},
    number = {3},
    month = {9},
    pages = {120--126},
    volume = {149},
    publisher = {Elsevier},
    url = {https://www.sciencedirect.com/science/article/pii/S0168165610002403?via%3Dihub},
    doi = {10.1016/J.JBIOTEC.2010.05.006},
    issn = {0168-1656}
}

@article{Charikar2006EmbeddingL1,
    title = {{Embedding the Ulam metric into l1}},
    year = {2006},
    journal = {Theory of Computing},
    author = {Charikar, Moses and Krauthgamer, Robert},
    number = {1},
    pages = {207--224},
    volume = {2},
    doi = {10.4086/toc.2006.v002a011},
    issn = {1557-2862},
    keywords = {chebyshev distance, combinatorics, damerau levenshtein distance, discrete mathematics, edit distance, jaro winkler distance, mathematics, minkowski distance, nearest neighbor search, string to string correction problem, wagner fischer algorithm}
}

@article{vandeGeer2019EMPIRICALAPPLICATIONS,
    title = {{EMPIRICAL PROCESS THEORY AND APPLICATIONS}},
    year = {2019},
    journal = {A{$\gamma$}{$\alpha$}{$\eta$}},
    author = {van de Geer, Sara},
    number = {2},
    pages = {2019},
    volume = {8},
    url = {https://barnard.edu/sites/default/files/inline/student_user_guide_for_spss.pdf%0Ahttp://www.ibm.com/support%0Ahttp://www.spss.com/sites/dm-book/legacy/ProgDataMgmt_SPSS17.pdf%0Ahttps://www.neps-data.de/Portals/0/Working Papers/WP_XLV.pdf%0Ahttp://www2.psy},
    isbn = {0388854014},
    doi = {10.22201/fq.18708404e.2004.3.66178},
    issn = {0187-893X},
    pmid = {21043497},
    arxivId = {arXiv:1011.1669v3},
    keywords = {(), *Anxiety, *Coping Behavior, *Foreign Language Translation, *Major Depression, *Psychometrics, *Strategies, *Stress, - job stress, 2050, 2060, 4090, Best practices, Bibliometric analysis, Bioeconomy, Buletin @ JPA Edisi 2 (Mei - Ogos 2018), Canonical correlation analysis, Carbon, Causes, China, Circular Economy, Circular economy, Civil servants, Civil-Servant, Confirmatory factor analysis, Construction phase, Counselling, DSTI/CP(2018)5/FINAL, Depression, Green economy, Industrial economics, Industrial water treatment, Job stress, Job-Related Tension Index, Job-related tension, Laporan Sistem Pengurusan Audit Nilai (SPAN) Perkh, Low-carbon development, Mental health, Motivacion para el aprendizaje, Petrochemical industry, Petrochemical refinery, Petrochemicals, Policy framework, Prevalence., Refining, Sistem Pengurusan Audit Nilai (SPAN), Sludge treatment, Stress, Sustainability, Sustainability management, Systematic literature review, Test Validity, Wastewater treatment, ZDP, anxiety, apren-, aprendizaje escolar, bahasa malaysia, bio-based, civil servants, constructivismo, counterproductive work behaviour, depression, depressive, dizaje escolar, enfoques socioculturales, financial distress, financial knowledge, financial literacy, financial management, fracaso escolar, fracaso escolar., government sector, icle, job, level of stress, malay, paramedics in public hospital, productivity, psicolog{\'{i}}a educacional, psychological health problems, reliability, renewable, sapj code, satisfaction, stress, validation, validity, work, work environment problems, work ethic, EP{$\Psi$}{$\Sigma$}-A{$\Gamma$}A{$\Pi$}H}
}

@article{Hamming1950ErrorCodes,
    title = {{Error detecting and error correcting codes}},
    year = {1950},
    journal = {The Bell system technical journal},
    author = {Hamming, Richard W},
    number = {2},
    pages = {147--160},
    volume = {29}
}

@article{Hamming1950ErrorCodesb,
    title = {{Error Detecting and Error Correcting Codes}},
    year = {1950},
    journal = {n},
    author = {Hamming, Richard W},
    number = {2},
    month = {4},
    pages = {147--160},
    volume = {29},
    url = {http://ieeexplore.ieee.org/lpdocs/epic03/wrapper.htm?arnumber=6772729},
    doi = {10.1002/j.1538-7305.1950.tb00463.x},
    issn = {00058580}
}

@article{Haubold2009EstimatingGenomes,
    title = {{Estimating Mutation Distances from Unaligned Genomes}},
    year = {2009},
    journal = {Journal of Computational Biology},
    author = {Haubold, Bernhard and Pfaffelhuber, Peter and Domazet-Los˘o, Mirjana and Wiehe, Thomas},
    number = {10},
    month = {10},
    pages = {1487--1500},
    volume = {16},
    publisher = { Mary Ann Liebert, Inc.  140 Huguenot Street, 3rd Floor New Rochelle, NY 10801 USA  },
    url = {http://www.liebertpub.com/doi/10.1089/cmb.2009.0106},
    doi = {10.1089/cmb.2009.0106},
    issn = {1066-5277},
    keywords = {alignment-free distance, genome comparison, number of substitutions, shortest unique substring, suffix tree}
}

@article{Ailon2007EstimatingFunction,
    title = {{Estimating the distance to a monotone function}},
    year = {2007},
    journal = {Random Structures and Algorithms},
    author = {Ailon, Nir and Chazelle, Bernard and Comandur, Seshadhri and Liu, Ding},
    number = {3},
    month = {10},
    pages = {371--383},
    volume = {31},
    publisher = {John Wiley {\&} Sons, Ltd},
    url = {http://doi.wiley.com/10.1002/rsa.20167},
    doi = {10.1002/rsa.20167},
    issn = {10429832},
    keywords = {distance estimation, monotone functions, property testing, sublinear algorithms, tolerant property testing}
}

@article{Gopalan2007EstimatingStream,
    title = {{Estimating the sortedness of a data stream}},
    year = {2007},
    journal = {Proceedings of the Annual ACM-SIAM Symposium on Discrete Algorithms},
    author = {Gopalan, Parikshit and Jayram, T. S. and Krauthgamer, Robert and Kumar, Ravi},
    pages = {318--327},
    volume = {07-09-Janu},
    isbn = {9780898716245}
}

@article{Wager2018EstimationForests,
    title = {{Estimation and Inference of Heterogeneous Treatment Effects using Random Forests}},
    year = {2018},
    journal = {Journal of the American Statistical Association},
    author = {Wager, Stefan and Athey, Susan},
    number = {523},
    month = {7},
    pages = {1228--1242},
    volume = {113},
    url = {https://www.tandfonline.com/doi/full/10.1080/01621459.2017.1319839},
    doi = {10.1080/01621459.2017.1319839},
    issn = {0162-1459}
}

@article{Arora2005EuclideanCut,
    title = {{Euclidean distortion and the Sparsest Cut}},
    year = {2005},
    journal = {Proceedings of the Annual ACM Symposium on Theory of Computing},
    author = {Arora, Sanjeev and Lee, James R. and Naor, Assaf},
    pages = {553--562},
    doi = {10.1145/1060590.1060673},
    issn = {07378017},
    keywords = {Approximation Algorithms, Metric Embeddings, Semidefinite Programming, Sparsest Cut}
}

@article{Dasgupta2000ExperimentsProjection,
    title = {{Experiments with random projection}},
    year = {2000},
    journal = {Proceedings of the Sixteenth conference on {\ldots}},
    author = {Dasgupta, Sanjoy},
    pages = {143–151},
    url = {http://yaroslavvb.com/papers/dasgupta-experiments.pdf%5Cnhttp://dl.acm.org/citation.cfm?id=2073964},
    isbn = {1-55860-709-9}
}

@article{Brown2018ExploringDiversity,
    title = {{Exploring neighborhoods in large metagenome assembly graphs reveals hidden sequence diversity}},
    year = {2018},
    journal = {bioRxiv},
    author = {Brown, C Titus and Moritz, Dominik and Brien, Michael P O and Reidl, Felix and Reiter, Taylor and Sullivan, Blair D},
    doi = {10.1101/462788}
}

@article{Apostolico2008FastComposition,
    title = {{Fast algorithms for computing sequence distances by exhaustive substring composition}},
    year = {2008},
    journal = {Algorithms for Molecular Biology},
    author = {Apostolico, Alberto and Denas, Olgert},
    number = {1},
    month = {12},
    pages = {13},
    volume = {3},
    publisher = {BioMed Central},
    url = {https://almob.biomedcentral.com/articles/10.1186/1748-7188-3-13},
    doi = {10.1186/1748-7188-3-13},
    issn = {1748-7188},
    keywords = {Algorithms, Bioinformatics, Cellular and Medical Topics, Computational Biology/Bioinformatics, Physiological}
}

@article{Leimeister2014FastFrequencies.,
    title = {{Fast alignment-free sequence comparison using spaced-word frequencies.}},
    year = {2014},
    journal = {Bioinformatics (Oxford, England)},
    author = {Leimeister, Chris-Andre and Boden, Marcus and Horwege, Sebastian and Lindner, Sebastian and Morgenstern, Burkhard},
    number = {14},
    month = {7},
    pages = {1991--9},
    volume = {30},
    publisher = {Oxford University Press},
    url = {http://www.ncbi.nlm.nih.gov/pubmed/24700317 http://www.pubmedcentral.nih.gov/articlerender.fcgi?artid=PMC4080745},
    doi = {10.1093/bioinformatics/btu177},
    issn = {1367-4811},
    pmid = {24700317}
}

@article{Nogales2018FastComputation,
    title = {{Fast and accurate large multiple sequence alignments using root-to-leave regressive computation}},
    year = {2018},
    journal = {bioRxiv},
    author = {Nogales, Edgar Garriga and Tommaso, Paolo Di and Magis, Cedrik and Erb, Ionas and Laayouni, Hafid and Kondrashov, Fyodor and Floden, Evan and Notredame, Cedric},
    pages = {490235},
    url = {https://www.biorxiv.org/content/early/2018/12/07/490235},
    doi = {10.1101/490235}
}

@article{Leimeister2017FastMatches,
    title = {{Fast and accurate phylogeny reconstruction using filtered spaced-word matches}},
    year = {2017},
    journal = {Bioinformatics},
    author = {Leimeister, Chris Andre and Sohrabi-Jahromi, Salma and Morgenstern, Burkhard},
    number = {7},
    month = {1},
    pages = {971--979},
    volume = {33},
    publisher = {Narnia},
    url = {https://academic.oup.com/bioinformatics/article-lookup/doi/10.1093/bioinformatics/btw776},
    doi = {10.1093/bioinformatics/btw776},
    issn = {14602059}
}

@article{MuruaFastEstimation,
    title = {{Fast approximate complete-data k-nearest-neighbor estimation}},
    author = {Murua, Alejandro and Canada, Québec H C and Wicker, Nicolas},
    number = {1999},
    volume = {VV},
    keywords = {big data, dimension estimation, distance distribution, hash table, high dimensionality, metric k -nearest-neighbors, sym-}
}

@article{LangmeadandStevenLSalzberg2013Fast2,
    title = {{Fast gapped-read alignment with Bowtie 2}},
    year = {2013},
    journal = {Nature methods},
    author = {{Langmead and Steven L Salzberg}},
    number = {4},
    pages = {357--359},
    volume = {9},
    url = {https://www.ncbi.nlm.nih.gov/pmc/articles/PMC3322381/pdf/nihms-366740.pdf},
    isbn = {1548-7105 (Electronic) 1548-7091 (Linking)},
    doi = {10.1038/nmeth.1923.Fast},
    issn = {1548-7091},
    pmid = {22388286},
    arxivId = {{\{}{\#}{\}}14603}
}

@article{Clauset2004FindingNetworks,
    title = {{Finding community structure in very large networks}},
    year = {2004},
    journal = {Physical Review E - Statistical Physics, Plasmas, Fluids, and Related Interdisciplinary Topics},
    author = {Clauset, Aaron and Newman, M. E.J. and Moore, Cristopher},
    number = {6},
    pages = {6},
    volume = {70},
    doi = {10.1103/PhysRevE.70.066111},
    issn = {1063651X}
}

@article{Nuseibeh2010FromPeter,
    title = {{From Frequency to Meaning: Vector Space Models of Semantics Peter}},
    year = {2010},
    journal = {Proceedings of the conference on The future of Software engineering - ICSE '00},
    author = {Nuseibeh, Bashar and Easterbrook, Steve},
    pages = {35--46},
    volume = {37},
    url = {http://portal.acm.org/citation.cfm?doid=336512.336523},
    isbn = {1581132530},
    doi = {10.1145/336512.336523},
    issn = {09473602},
    pmid = {17742320},
    arxivId = {1003.1141}
}

@article{Nicolay2004FromGenome,
    title = {{From scale invariance to deterministic chaos in DNA sequences: Towards a deterministic description of gene organization in the human genome}},
    year = {2004},
    journal = {Physica A: Statistical Mechanics and its Applications},
    author = {Nicolay, S. and Brodie of Brodie, E. B. and Touchon, M. and D'Aubenton-Carafa, Y. and Thermes, C. and Arneodo, A.},
    number = {1-2 SPEC. ISS.},
    pages = {270--280},
    volume = {342},
    doi = {10.1016/j.physa.2004.04.088},
    issn = {03784371},
    keywords = {Colored noise, DNA sequences, Deterministic chaos, Genes, Human genome, Long-range correlations, Scale invariance, Skewness, Wavelet transform}
}

@article{StephenF.AltschulThomasL.MaddenAlejandroA.SchafferJinghuiZhangZhengZhangWebbMiller1997Gapped.pdf,
    title = {{Gapped BLAST and PSIBLAST a new generation of protein database search programs .pdf}},
    year = {1997},
    journal = {Nucleic acids research},
    author = {Stephen F. Altschul, Thomas L. Madden, Alejandro A. Sch{\"{a}}ffer, Jinghui Zhang, Zheng Zhang, Webb Miller, David J. Lipman},
    number = {17},
    pages = {3389 - 3402},
    volume = {25}
}

@article{Chor2009GenomicModalities,
    title = {{Genomic DNA k-mer spectra: Models and modalities}},
    year = {2009},
    journal = {Genome Biology},
    author = {Chor, Benny and Horn, David and Goldman, Nick and Levy, Yaron and Massingham, Tim},
    number = {10},
    pages = {R108},
    volume = {10},
    publisher = {BioMed Central},
    url = {http://www.ncbi.nlm.nih.gov/pubmed/19814784 http://www.pubmedcentral.nih.gov/articlerender.fcgi?artid=PMC2784323},
    doi = {10.1186/gb-2009-10-10-r108},
    issn = {14747596},
    pmid = {19814784}
}

@article{Ahn2012GraphSearch,
    title = {{Graph Sketches: Sparsification, Spanners, and Subgraphs - Google Search}},
    year = {2012},
    author = {Ahn, Kookjin and Mcgregor, Andrew},
    number = {Pods},
    volume = {2012},
    url = {https://www.google.de/search?q=Graph+Sketches%3A+Sparsification%2C+Spanners%2C+and+Subgraphs&oq=Graph+Sketches%3A+Sparsification%2C+Spanners%2C+and+Subgraphs&aqs=chrome..69i57j0.943j0j4&sourceid=chrome&es_sm=93&ie=UTF-8}
}

@article{Rudelson2013Hanson-WrightConcentration,
    title = {{Hanson-Wright inequality and sub-gaussian concentration}},
    year = {2013},
    journal = {Electronic Communications in Probability},
    author = {Rudelson, Mark and Vershynin, Roman},
    number = {82},
    pages = {1--9},
    volume = {18},
    doi = {10.1214/ECP.v18-2865},
    issn = {1083589X},
    keywords = {Concentration inequalities, Random matrices, Subgaussian random variables}
}

@book{Vershynin2018High-DimensionalProbability,
    title = {{High-Dimensional Probability}},
    year = {2018},
    booktitle = {Cambridge University Press, to appear},
    author = {Vershynin, Roman},
    url = {https://www.math.uci.edu/}
}

@article{Frith2019HowModels,
    title = {{How sequence alignment scores correspond to probability models}},
    year = {2019},
    journal = {Bioinformatics},
    author = {Frith, Martin C},
    pages = {1--20},
    doi = {10.1093/bioinformatics/btz576},
    issn = {1367-4803}
}

@article{Compeau2011HowAssembly,
    title = {{How to apply de Bruijn graphs to genome assembly}},
    year = {2011},
    journal = {Nature Biotechnology},
    author = {Compeau, Phillip E C and Pevzner, Pavel A and Tesler, Glenn},
    number = {11},
    month = {11},
    pages = {987--991},
    volume = {29},
    publisher = {Nature Publishing Group},
    url = {http://www.nature.com/articles/nbt.2023},
    doi = {10.1038/nbt.2023},
    issn = {1087-0156},
    keywords = {Applied mathematics, Genome assembly algorithms, Sequencing}
}

@article{Compeau2011HowAssemblyb,
    title = {{How to apply de Bruijn graphs to genome assembly}},
    year = {2011},
    journal = {Nature Biotechnology},
    author = {Compeau, Phillip E C and Pevzner, Pavel A and Tesler, Glenn},
    number = {11},
    month = {11},
    pages = {987--991},
    volume = {29},
    publisher = {Nature Publishing Group},
    url = {http://www.nature.com/articles/nbt.2023},
    doi = {10.1038/nbt.2023},
    issn = {1087-0156},
    keywords = {Applied mathematics, Genome assembly algorithms, Sequencing}
}

@article{Ganea2018HyperbolicEmbeddings,
    title = {{Hyperbolic Entailment Cones for Learning Hierarchical Embeddings}},
    year = {2018},
    journal = {NIPS},
    author = {Ganea, Octavian-Eugen and B{\'{e}}cigneul, Gary and Hofmann, Thomas},
    url = {http://arxiv.org/abs/1804.01882},
    isbn = {0039-2073 (Print){\textbackslash}r0039-2073 (Linking)},
    doi = {arXiv:1804.01882v3},
    issn = {1938-7228},
    pmid = {13603161},
    arxivId = {1804.01882}
}

@article{Martin2008HyperbolicClassification,
    title = {{Hyperbolic SOM-based clustering of DNA fragment features for taxonomic visualization and classification}},
    year = {2008},
    journal = {Bioinformatics},
    author = {Martin, Christian and Diaz, Naryttza N. and Ontrup, Jörg and Nattkemper, Tim W.},
    number = {14},
    pages = {1568--1574},
    volume = {24},
    doi = {10.1093/bioinformatics/btn257},
    issn = {13674803}
}

@article{Smith1981IdentificationSubsequences,
    title = {{Identification of common molecular subsequences}},
    year = {1981},
    journal = {Journal of Molecular Biology},
    author = {Smith, T. F. and Waterman, M. S.},
    number = {1},
    month = {3},
    pages = {195--197},
    volume = {147},
    publisher = {Academic Press},
    url = {https://www.sciencedirect.com/science/article/pii/0022283681900875},
    doi = {10.1016/0022-2836(81)90087-5},
    issn = {00222836}
}

@article{Roosta-Khorasani2015ImprovedEstimators,
    title = {{Improved Bounds on Sample Size for Implicit Matrix Trace Estimators}},
    year = {2015},
    journal = {Foundations of Computational Mathematics},
    author = {Roosta-Khorasani, Farbod and Ascher, Uri},
    number = {5},
    pages = {1187--1212},
    volume = {15},
    publisher = {Springer US},
    url = {http://dx.doi.org/10.1007/s10208-014-9220-1},
    isbn = {1020801492},
    doi = {10.1007/s10208-014-9220-1},
    issn = {16153383},
    keywords = {Implicit linear operators, Monte Carlo methods, Randomized algorithms, Trace estimation}
}

@article{Krauthgamer2009ImprovedL_1,
    title = {{Improved Lower Bounds for Embeddings into {\$}L{\_}1{\$}}},
    year = {2009},
    journal = {SIAM Journal on Computing},
    author = {Krauthgamer, Robert and Rabani, Yuval},
    number = {6},
    month = {1},
    pages = {2487--2498},
    volume = {38},
    publisher = {Society for Industrial and Applied Mathematics},
    url = {http://epubs.siam.org/doi/10.1137/060660126},
    doi = {10.1137/060660126},
    issn = {0097-5397},
    keywords = {05C85, 68W25, 90C22, approximation algorithms, edit distance, graph partitioning, integrality gap, metric embeddings, negative type metrics, semidefinite programming relaxation}
}

@article{Krauthgamer2007ImprovedL1,
    title = {{Improved lower bounds for embeddings into L1}},
    year = {2007},
    journal = {Society},
    author = {Krauthgamer, Robert and Rabani, Yuval},
    number = {3},
    pages = {752--777},
    volume = {18},
    keywords = {49j24, 49j52, 49j53, 49m25, 90c30, ams subject classifications, banach and asplund spaces, control, differential inclusions, discrete, dynamic optimization and optimal, evolution and, ferentiable programming, finite-difference approximations, generalized differentiation, necessary optimality conditions, nondif-, variational analysis}
}

@article{Landau1998IncrementalComparison,
    title = {{Incremental string comparison}},
    year = {1998},
    journal = {SIAM Journal on Computing},
    author = {Landau, Gad M. and Myers, Eugene W. and Schmidt, Jeanette P.},
    number = {2},
    pages = {557--582},
    volume = {27},
    url = {http://citeseerx.ist.psu.edu/viewdoc/summary?doi=10.1.1.44.2044},
    doi = {10.1137/S0097539794264810},
    issn = {00975397},
    keywords = {Dynamic programming, Edit-distance, String matching}
}

@article{Mapleson2017KAT:Assemblies,
    title = {{KAT: A K-mer analysis toolkit to quality control NGS datasets and genome assemblies}},
    year = {2017},
    journal = {Bioinformatics},
    author = {Mapleson, Daniel and Accinelli, Gonzalo Garcia and Kettleborough, George and Wright, Jonathan and Clavijo, Bernardo J},
    number = {4},
    pages = {574--576},
    volume = {33},
    publisher = {Oxford University Press},
    url = {http://www.ncbi.nlm.nih.gov/pubmed/27797770 http://www.pubmedcentral.nih.gov/articlerender.fcgi?artid=PMC5408915},
    doi = {10.1093/bioinformatics/btw663},
    issn = {14602059},
    pmid = {27797770}
}

@article{Leimeister2014Kmacs:Comparison.,
    title = {{Kmacs: the k-mismatch average common substring approach to alignment-free sequence comparison.}},
    year = {2014},
    journal = {Bioinformatics (Oxford, England)},
    author = {Leimeister, Chris-Andre and Morgenstern, Burkhard},
    number = {14},
    month = {7},
    pages = {2000--8},
    volume = {30},
    publisher = {Oxford University Press},
    url = {http://www.ncbi.nlm.nih.gov/pubmed/24828656 http://www.pubmedcentral.nih.gov/articlerender.fcgi?artid=PMC4080746},
    doi = {10.1093/bioinformatics/btu331},
    issn = {1367-4811},
    pmid = {24828656}
}

@article{ChoiLearningMethods,
    title = {{Learning Low-Dimensional Representations of Medical Concepts 1 Introduction 2 Methods}},
    author = {Choi, Youngduck and Ms, Chill Yi-i Chiu and Sontag, David},
    pages = {41--50}
}

@article{Kimothi2019LearningComparisons,
    title = {{Learning supervised embeddings for large scale sequence comparisons}},
    year = {2019},
    journal = {bioRxiv},
    author = {Kimothi, Dhananjay and Biyani, Pravesh and Hogan, James M and Soni, Akshay and Kelly, Wayne},
    pages = {620153},
    url = {https://www.biorxiv.org/content/10.1101/620153v1},
    doi = {10.1101/620153}
}

@article{Marcais2019Locality-sensitiveDistance,
    title = {{Locality-sensitive hashing for the edit distance}},
    year = {2019},
    journal = {Bioinformatics},
    author = {Marcais, Guillaume and Deblasio, Dan and Pandey, Prashant and Kingsford, Carl},
    number = {14},
    pages = {i127-i135},
    volume = {35},
    doi = {10.1093/bioinformatics/btz354},
    issn = {14602059}
}

@inproceedings{Ostrovsky2005LowDistance,
    title = {{Low distortion embeddings for edit distance}},
    year = {2005},
    booktitle = {Proceedings of the Annual ACM Symposium on Theory of Computing},
    author = {Ostrovsky, Rafail and Rabani, Yuval},
    number = {5},
    month = {10},
    pages = {218--224},
    volume = {54},
    publisher = {ACM},
    url = {http://portal.acm.org/citation.cfm?doid=1284320.1284322},
    doi = {10.1145/1060590.1060623},
    issn = {07378017},
    keywords = {Edit distance, Low distortion embeddings, Metric spaces}
}

@article{Indyk2017LowSpaces,
    title = {{Low distortion embeddings of finite metric spaces}},
    year = {2017},
    journal = {Handbook of Discrete and Computational Geometry, Third Edition},
    author = {Indyk, Piotr and Matou{\v{s}}ek, Jiří and Sidiropoulos, Anastasios},
    pages = {211--231},
    isbn = {9781498711425},
    doi = {10.1201/9781315119601}
}

@article{Gal2010LowerSubsequence,
    title = {{Lower bounds on streaming algorithms for approximating the length of the longest increasing subsequence}},
    year = {2010},
    journal = {SIAM Journal on Computing},
    author = {Ǵal, Anna and Gopalan, Parikshit},
    number = {8},
    pages = {3463--3479},
    volume = {39},
    doi = {10.1137/090770801},
    issn = {00975397},
    keywords = {Communication complexity, Direct sum problem, Longest increasing subsequence, Streaming algorithms}
}

@article{Wu2019MagnusSequences,
    title = {{Magnus Representation of Genome Sequences}},
    year = {2019},
    journal = {Journal of Theoretical Biology},
    author = {Wu, Chengyuan and Ren, Shiquan and Wu, Jie and Xia, Kelin},
    doi = {10.1016/j.jtbi.2019.08.004},
    issn = {00225193}
}

@article{Ondov2016Mash:MinHash,
    title = {{Mash: Fast genome and metagenome distance estimation using MinHash}},
    year = {2016},
    journal = {Genome Biology},
    author = {Ondov, Brian D. and Treangen, Todd J. and Melsted, Páll and Mallonee, Adam B. and Bergman, Nicholas H. and Koren, Sergey and Phillippy, Adam M.},
    number = {1},
    pages = {1--14},
    volume = {17},
    publisher = {Genome Biology},
    url = {http://dx.doi.org/10.1186/s13059-016-0997-x},
    doi = {10.1186/s13059-016-0997-x},
    issn = {1474760X},
    pmid = {27323842},
    keywords = {Alignment, Comparative genomics, Genomic distance, Metagenomics, Nanopore, Sequencing}
}

@article{Sankoff1972MatchingConstraints,
    title = {{Matching sequences under deletion insertion constraints}},
    year = {1972},
    journal = {Proceedings of the National Academy of Sciences of the United States of America},
    author = {Sankoff, D},
    number = {1},
    month = {1},
    pages = {4--6},
    volume = {69},
    publisher = {National Academy of Sciences},
    url = {http://www.ncbi.nlm.nih.gov/pubmed/4500555 http://www.pubmedcentral.nih.gov/articlerender.fcgi?artid=PMC427531},
    doi = {10.1073/pnas.69.1.4},
    issn = {00278424},
    pmid = {4500555}
}

@book{Tropp2019MatrixCourse,
    title = {{Matrix Concentration {\&} Computational Linear Algebra / ENS Short Course}},
    year = {2019},
    author = {Tropp, Joel A},
    number = {July}
}

@article{Xu2005MaximumClustering,
    title = {{Maximum margin clustering}},
    year = {2005},
    journal = {Advances in Neural Information Processing Systems},
    author = {Xu, Linli and Neufeld, James and Larson, Bryce and Schuurmans, Dale},
    isbn = {0262195348},
    issn = {10495258}
}

@article{James2018MeShClust:Sequences,
    title = {{MeShClust: an intelligent tool for clustering DNA sequences}},
    year = {2018},
    journal = {Nucleic Acids Research},
    author = {James, Benjamin T and Luczak, Brian B and Girgis, Hani Z},
    url = {https://academic.oup.com/nar/advance-article/doi/10.1093/nar/gky315/4990634},
    doi = {10.1093/nar/gky315},
    issn = {0305-1048},
    pmid = {29718317}
}

@article{Olekhnovich2018MetaCherchant:Microbiota,
    title = {{MetaCherchant: Analyzing genomic context of antibiotic resistance genes in gut microbiota}},
    year = {2018},
    journal = {Bioinformatics},
    author = {Olekhnovich, Evgenii I. and Vasilyev, Artem T. and Ulyantsev, Vladimir I. and Kostryukova, Elena S. and Tyakht, Alexander V.},
    number = {3},
    pages = {434--444},
    volume = {34},
    isbn = {1367-4811 (Electronic)
1367-4803 (Linking)},
    doi = {10.1093/bioinformatics/btx681},
    issn = {14602059},
    pmid = {29092015}
}

@book{Baeza-Yates1999ModernRetrieval,
    title = {{Modern information retrieval}},
    year = {1999},
    author = {Baeza-Yates, R. (Ricardo) and Ribeiro-Neto, Berthier},
    pages = {513},
    publisher = {ACM Press},
    url = {http://scholar.googleusercontent.com/scholar?q=cache:Pjh605oqHe4J:scholar.google.com/&hl=en&as_sdt=0,5},
    isbn = {020139829X}
}

@article{Yokoyama2019MoMI,
    title = {{MoMI-G: Modular Multi-scale Integrated Genome Graph Browser}},
    year = {2019},
    journal = {bioRxiv},
    author = {Yokoyama, Toshiyuki T and Sakamoto, Yoshitaka and Seki, Masahide and Suzuki, Yutaka and Kasahara, Masahiro},
    pages = {540120},
    url = {https://www.biorxiv.org/content/10.1101/540120v1},
    doi = {10.1101/540120}
}

@article{Angiuoli2011Mugsy:Genomes,
    title = {{Mugsy: Fast multiple alignment of closely related whole genomes}},
    year = {2011},
    journal = {Bioinformatics},
    author = {Angiuoli, Samuel V. and Salzberg, Steven L.},
    number = {3},
    pages = {334--342},
    volume = {27},
    doi = {10.1093/bioinformatics/btq665},
    issn = {13674803}
}

@inproceedings{Dencker2018Multi-SpaM:Trees,
    title = {{Multi-SpaM: A maximum-likelihood approach to phylogeny reconstruction using multiple spaced-word matches and quartet trees}},
    year = {2018},
    booktitle = {Lecture Notes in Computer Science (including subseries Lecture Notes in Artificial Intelligence and Lecture Notes in Bioinformatics)},
    author = {Dencker, Thomas and Leimeister, Chris Andre and Gerth, Michael and Bleidorn, Christoph and Snir, Sagi and Morgenstern, Burkhard},
    month = {10},
    pages = {227--241},
    volume = {11183 LNBI},
    publisher = {Springer, Cham},
    url = {http://link.springer.com/10.1007/978-3-030-00834-5_13},
    isbn = {9783030008338},
    doi = {10.1007/978-3-030-00834-5{\_}13},
    issn = {16113349},
    keywords = {Alignment-free, Likelihood, Phylogeny, Spaced words}
}

@article{Marcais2018MUMmer4,
    title = {{MUMmer4: A fast and versatile genome alignment system}},
    year = {2018},
    journal = {PLoS Computational Biology},
    author = {Marcais, Guillaume and Delcher, Arthur L. and Phillippy, Adam M. and Coston, Rachel and Salzberg, Steven L. and Zimin, Aleksey},
    number = {1},
    pages = {1--14},
    volume = {14},
    isbn = {1111111111},
    doi = {10.1371/journal.pcbi.1005944},
    issn = {15537358}
}

@article{E.J.Candes2006NearStrategies,
    title = {{Near optimal signal recovery from random projections: Universal encoding strategies?}},
    year = {2006},
    journal = {IEEE Transactions on Information Theory},
    author = {{E.J. Candes} and {T. Tao}},
    number = {12},
    pages = {5406--5425},
    volume = {52}
}

@inproceedings{Andoni2010Near-optimalDistance,
    title = {{Near-optimal sublinear time algorithms for Ulam distance}},
    year = {2010},
    booktitle = {Proceedings of the Annual ACM-SIAM Symposium on Discrete Algorithms},
    author = {Andoni, Alexandr and Nguyen, Huy L},
    pages = {76--86},
    publisher = {Association for Computing Machinery},
    url = {https://dl.acm.org/citation.cfm?id=1873609},
    isbn = {9780898717013}
}

@article{Papadopoulos2015NetworkGrowth,
    title = {{Network mapping by replaying hyperbolic growth}},
    year = {2015},
    journal = {IEEE/ACM Transactions on Networking},
    author = {Papadopoulos, Fragkiskos and Psomas, Constantinos and Krioukov, Dmitri},
    number = {1},
    pages = {198--211},
    volume = {23},
    publisher = {IEEE},
    doi = {10.1109/TNET.2013.2294052},
    issn = {10636692},
    keywords = {Applications, inference, network geometry}
}

@article{Lee2005NonlinearLoops,
    title = {{Nonlinear dimensionality reduction of data manifolds with essential loops}},
    year = {2005},
    journal = {Neurocomputing},
    author = {Lee, John Aldo and Verleysen, Michel},
    number = {1-4 SUPPL.},
    pages = {29--53},
    volume = {67},
    isbn = {978-0-387-39350-6},
    doi = {10.1016/j.neucom.2004.11.042},
    issn = {09252312},
    pmid = {18292226},
    arxivId = {0-387-31073-8},
    keywords = {Geodesic distance, Graph cut, Graph distance, Non-linear dimensionality reduction, Spanning tree}
}

@inproceedings{batu2006oblivious,
  title={Oblivious string embeddings and edit distance approximations},
  author={Batu, Tu{\u{g}}kan and Ergun, Funda and Sahinalp, Cenk},
  booktitle={Proceedings of the seventeenth annual ACM-SIAM symposium on Discrete algorithm},
  pages={792--801},
  year={2006},
  organization={Society for Industrial and Applied Mathematics}
}


@article{Charikar2018OnEmbeddings,
    title = {{On estimating edit distance: Alignment, dimension reduction, and embeddings}},
    year = {2018},
    journal = {Leibniz International Proceedings in Informatics, LIPIcs},
    author = {Charikar, Moses and Geri, Ofir and Kim, Michael P. and Kuszmaul, William},
    pages = {1--46},
    volume = {107},
    isbn = {9783959770767},
    doi = {10.4230/LIPIcs.ICALP.2018.34},
    issn = {18688969},
    arxivId = {arXiv:1804.09907v2},
    keywords = {Alignment, Approximation algorithms, Dimension reduction, Edit distance, Embedding}
}

@article{GALBIATD1976OnSequences,
    title = {{On permutation-embedding sequences}},
    year = {1976},
    author = {GALBIATD, G. and PREPARATA, F. P.},
    number = {3},
    pages = {421--423},
    volume = {30}
}

@article{Lempel1976OnSequences,
    title = {{On the Complexity of Finite Sequences}},
    year = {1976},
    journal = {IEEE Transactions on Information Theory},
    author = {Lempel, A. and Ziv, J.},
    number = {1},
    month = {1},
    pages = {75--81},
    volume = {22},
    publisher = {IEEE Press},
    url = {http://ieeexplore.ieee.org/document/1055501/},
    doi = {10.1109/TIT.1976.1055501},
    issn = {0018-9448}
}

@inproceedings{Impagliazzo2001OnK-SAT,
    title = {{On the complexity of k-SAT}},
    year = {2001},
    booktitle = {Journal of Computer and System Sciences},
    author = {Impagliazzo, Russell and Paturi, Ramamohan},
    number = {2},
    month = {3},
    pages = {367--375},
    volume = {62},
    publisher = {Academic Press},
    url = {https://www.sciencedirect.com/science/article/pii/S0022000000917276},
    doi = {10.1006/jcss.2000.1727},
    issn = {00220000}
}

@article{Broder1997OnDocuments,
    title = {{On the resemblance and containment of documents}},
    year = {1997},
    journal = {Proceedings of the International Conference on Compression and Complexity of Sequences},
    author = {Broder, Andrei Z.},
    pages = {21--29}
}

@article{Sellers1974OnDistances,
    title = {{On the Theory and Computation of Evolutionary Distances}},
    year = {1974},
    journal = {SIAM Journal on Applied Mathematics},
    author = {Sellers, Peter H.},
    number = {4},
    month = {6},
    pages = {787--793},
    volume = {26},
    publisher = {Society for Industrial and Applied Mathematics},
    url = {http://epubs.siam.org/doi/10.1137/0126070},
    doi = {10.1137/0126070},
    issn = {0036-1399}
}

@inproceedings{Andoni2009OvercomingMetrics,
    title = {{Overcoming the l1 Non-Embeddability Barrier: Algorithms for Product Metrics}},
    year = {2009},
    booktitle = {Proceedings of the Annual ACM-SIAM Symposium on Discrete Algorithms},
    author = {Andoni, Alexandr and Indyk, Piotr and Krauthgamer, Robert},
    month = {1},
    pages = {865--874},
    publisher = {Society for Industrial and Applied Mathematics},
    url = {https://epubs.siam.org/doi/10.1137/1.9781611973068.94},
    address = {Philadelphia, PA},
    isbn = {9780898716801},
    doi = {10.1137/1.9781611973068.94}
}

@article{Andoni2014ParallelProblems,
    title = {{Parallel algorithms for geometric graph problems}},
    year = {2014},
    journal = {Proceedings of the Annual ACM Symposium on Theory of Computing},
    author = {Andoni, Alexandr and Nikolov, Aleksandar and Onak, Krzysztof and Yaroslavtsev, Grigory},
    number = {1},
    pages = {574--583},
    isbn = {9781450327107},
    doi = {10.1145/2591796.2591805},
    issn = {07378017},
    arxivId = {arXiv:1401.0042v2},
    keywords = {Earth-mover distance, MapReduce, Minimum spanning tree, Parallel computation}
}

@article{Mirarab2014PASTASequence,
    title = {{PASTA : Ultra-Large Multiple Sequence}},
    year = {2014},
    journal = {Proceedings of RECOMB},
    author = {Mirarab, Siavash and Nguyen, Nam and Warnow, Tandy},
    pages = {177--191},
    keywords = {multiple sequence alignment, sat, ultra-large}
}

@book{Bishop2014PaternLearning,
    title = {{Patern Recognition and machine learning}},
    year = {2014},
    booktitle = {Antimicrobial agents and chemotherapy},
    author = {Bishop, Christopher M},
    number = {12},
    pages = {7250--7},
    volume = {58},
    isbn = {978-0387-31073-2},
    doi = {10.1128/AAC.03728-14},
    issn = {1098-6596},
    pmid = {25246403}
}

@article{Ma2002PatternHunter:Search,
    title = {{PatternHunter: faster and more sensitive homology search}},
    year = {2002},
    journal = {Bioinformatics},
    author = {Ma, B. and Tromp, J. and Li, M.},
    number = {3},
    month = {3},
    pages = {440--445},
    volume = {18},
    url = {http://www.ncbi.nlm.nih.gov/pubmed/11934743 https://academic.oup.com/bioinformatics/article-lookup/doi/10.1093/bioinformatics/18.3.440},
    doi = {10.1093/bioinformatics/18.3.440},
    issn = {1367-4803},
    pmid = {11934743}
}

@article{Zanin2012PermutationReview,
    title = {{Permutation entropy and its main biomedical and econophysics applications: A review}},
    year = {2012},
    journal = {Entropy},
    author = {Zanin, Massimiliano and Zunino, Luciano and Rosso, Osvaldo A. and Papo, David},
    number = {8},
    pages = {1553--1577},
    volume = {14},
    doi = {10.3390/e14081553},
    issn = {10994300},
    keywords = {EEG, Econophysics, Epilepsy, Forbidden patterns, Permutation entropy, Shannon entropy}
}

@article{Bandt2002PermutationSeries,
    title = {{Permutation Entropy: A Natural Complexity Measure for Time Series}},
    year = {2002},
    journal = {Physical Review Letters},
    author = {Bandt, Christoph and Pompe, Bernd},
    number = {17},
    pages = {4},
    volume = {88},
    doi = {10.1103/PhysRevLett.88.174102},
    issn = {10797114}
}

@article{Morgenstern2017PhylogenySubstrings,
    title = {{Phylogeny reconstruction based on the length distribution of k-mismatch common substrings}},
    year = {2017},
    journal = {Algorithms for Molecular Biology},
    author = {Morgenstern, Burkhard and Schobel, Svenja and Leimeister, Chris-Andre},
    number = {1},
    month = {12},
    pages = {27},
    volume = {12},
    publisher = {BioMed Central},
    url = {https://almob.biomedcentral.com/articles/10.1186/s13015-017-0118-8},
    doi = {10.1186/s13015-017-0118-8},
    issn = {1748-7188},
    keywords = {Algorithms, Bioinformatics, Cellular and Medical Topics, Computational Biology/Bioinformatics, Physiological}
}

@article{Bromberg2016PhylogenyTransfer,
    title = {{Phylogeny Reconstruction with Alignment-Free Method That Corrects for Horizontal Gene Transfer}},
    year = {2016},
    journal = {PLOS Computational Biology},
    author = {Bromberg, Raquel and Grishin, Nick V. and Otwinowski, Zbyszek},
    editor = {Morgenstern, Burkhard},
    number = {6},
    month = {6},
    pages = {e1004985},
    volume = {12},
    publisher = {Public Library of Science},
    url = {http://dx.plos.org/10.1371/journal.pcbi.1004985},
    doi = {10.1371/journal.pcbi.1004985},
    issn = {1553-7358}
}

@article{Andoni2010PolylogarithmicComplexity,
    title = {{Polylogarithmic approximation for edit distance and the asymmetric query complexity}},
    year = {2010},
    journal = {Proceedings - Annual IEEE Symposium on Foundations of Computer Science, FOCS},
    author = {Andoni, Alexandr and Krauthgamer, Robert and Onak, Krzysztof},
    pages = {377--386},
    isbn = {9780769542447},
    doi = {10.1109/FOCS.2010.43},
    issn = {02725428},
    arxivId = {arXiv:1005.4033v1},
    keywords = {Edit distance, Linear-time algorithms, Query complexity, Sampling, Sublinear algorithms}
}

@article{Andoni2010Polylogarithmic2010,
    title = {{Polylogarithmic Approximation for Edit Distance and the Asymmetric Query Complexity arXiv : 1005 . 4033v1 [ cs . DS ] 21 May 2010}},
    year = {2010},
    author = {Andoni, Alexandr},
    pages = {1--42},
    arxivId = {arXiv:1005.4033v1}
}

@article{Khesin2019PreconditioningProblem,
    title = {{Preconditioning for the geometric transportation problem}},
    year = {2019},
    journal = {Leibniz International Proceedings in Informatics, LIPIcs},
    author = {Khesin, Andrey Boris and Nikolov, Aleksandar and Paramonov, Dmitry},
    volume = {129},
    isbn = {9783959771047},
    doi = {10.4230/LIPIcs.SoCG.2019.15},
    issn = {18688969},
    arxivId = {arXiv:1902.08384v1},
    keywords = {Earth mover distance, Minimum cost flow, Transportation problem}
}

@article{Hoeffding1963ProbabilityVariables,
    title = {{Probability Inequalities for Sums of Bounded Random Variables}},
    year = {1963},
    journal = {Journal of the American Statistical Association},
    author = {Hoeffding, Wassily},
    number = {301},
    month = {3},
    pages = {13--30},
    volume = {58},
    url = {http://www.tandfonline.com/doi/abs/10.1080/01621459.1963.10500830},
    doi = {10.1080/01621459.1963.10500830},
    issn = {0162-1459}
}

@article{Bennett1962ProbabilityVariables,
    title = {{Probability Inequalities for the Sum of Independent Random Variables}},
    year = {1962},
    journal = {Journal of the American Statistical Association},
    author = {Bennett, George},
    number = {297},
    month = {3},
    pages = {33--45},
    volume = {57},
    url = {http://www.tandfonline.com/doi/abs/10.1080/01621459.1962.10482149},
    doi = {10.1080/01621459.1962.10482149},
    issn = {0162-1459}
}

@book{Durrett2013Probability:I,
    title = {{Probability: Theory and Examples i}},
    year = {2013},
    author = {Durrett, Rick}
}

@article{Armstrong2019ProgressiveEra,
    title = {{Progressive alignment with Cactus : a multiple-genome aligner for the thousand-genome era}},
    year = {2019},
    author = {Armstrong, Joel and Hickey, Glenn and Diekhans, Mark and Deran, Alden and Fang, Qi and Feng, Shaohong and Stiller, Josefin and Genereux, Diane and Johnson, Jeremy and Marinescu, Voichita Dana and Haussler, David and Alf{\"{o}}ldi, Jessica},
    number = {July}
}

@article{Darling2010Progressivemauve:Rearrangement,
    title = {{Progressivemauve: Multiple genome alignment with gene gain, loss and rearrangement}},
    year = {2010},
    journal = {PLoS ONE},
    author = {Darling, Aaron E. and Mau, Bob and Perna, Nicole T.},
    number = {6},
    volume = {5},
    doi = {10.1371/journal.pone.0011147},
    issn = {19326203}
}

@article{Bingham2001RandomData,
    title = {{Random projection in dimensionality reduction: Applications to image and text data}},
    year = {2001},
    journal = {Proceedings of the Seventh ACM SIGKDD International Conference on Knowledge Discovery and Data Mining},
    author = {Bingham, Ella and Mannila, Heikki},
    pages = {245--250},
    isbn = {158113391X},
    keywords = {Dimensionality reduction, High-dimensional data, Image data, Random projection, Text document data}
}

@article{Dasgupta2008RandomManifolds,
    title = {{Random projection trees and low dimensional manifolds}},
    year = {2008},
    author = {Dasgupta, Sanjoy},
    isbn = {9781605580470}
}

@article{Liu2009RapidTrees,
    title = {{Rapid and accurate large-scale coestimation of sequence alignments and phylogenetic trees}},
    year = {2009},
    journal = {Science},
    author = {Liu, Kevin and Raghavan, Sindhu and Nelesen, Serita and Linder, C. Randal and Warnow, Tandy},
    number = {5934},
    pages = {1561--1564},
    volume = {324},
    doi = {10.1126/science.1171243},
    issn = {00368075}
}

@article{Hahn2016Rasbhari:Comparison.,
    title = {{rasbhari: Optimizing Spaced Seeds for Database Searching, Read Mapping and Alignment-Free Sequence Comparison.}},
    year = {2016},
    journal = {PLoS computational biology},
    author = {Hahn, Lars and Leimeister, Chris-Andre and Ounit, Rachid and Lonardi, Stefano and Morgenstern, Burkhard},
    number = {10},
    month = {10},
    pages = {e1005107},
    volume = {12},
    publisher = {Public Library of Science},
    url = {http://www.ncbi.nlm.nih.gov/pubmed/27760124 http://www.pubmedcentral.nih.gov/articlerender.fcgi?artid=PMC5070788},
    doi = {10.1371/journal.pcbi.1005107},
    issn = {1553-7358},
    pmid = {27760124}
}

@article{Lau2019Read-SpaM:Coverage,
    title = {{Read-SpaM: assembly-free and alignment-free comparison of bacterial genomes with low sequencing coverage}},
    year = {2019},
    journal = {bioRxiv},
    author = {Lau, Anna Katharina and Leimeister, Chris-Andre and Morgenstern, Burkhard},
    pages = {550632},
    url = {http://biorxiv.org/lookup/doi/10.1101/550632%0Apapers3://publication/doi/10.1101/550632}
}

@article{Liu2009RegularizationManeuvering,
    title = {{Regularization method and immune genetic algorithm for inverse problems of ship maneuvering}},
    year = {2009},
    journal = {Journal of Shanghai Jiaotong University (Science)},
    author = {Liu, Xiao Jian and Huang, Guo Liang and Deng, De Heng},
    number = {4},
    pages = {467--470},
    volume = {14 E},
    doi = {10.1007/s12204-009-0467-7},
    issn = {10071172},
    keywords = {Immune, Inverse problem, Regularization method, Ship maneuvering}
}

@article{Minkin2019ScalableSibeliaZ,
    title = {{Scalable multiple whole-genome alignment and locally collinear block construction with SibeliaZ}},
    year = {2019},
    journal = {bioRxiv},
    author = {Minkin, Ilia and Medvedev, Paul},
    pages = {548123},
    url = {https://www.biorxiv.org/content/10.1101/548123v1},
    doi = {10.1101/548123}
}

@article{Hach2012SCALCE:Encoding,
    title = {{SCALCE: Boosting sequence compression algorithms using locally consistent encoding}},
    year = {2012},
    journal = {Bioinformatics},
    author = {Hach, Faraz and Numanagi{\'{c}}, Ibrahim and Alkan, Can and Sahinalp, S. Cenk},
    number = {23},
    pages = {3051--3057},
    volume = {28},
    doi = {10.1093/bioinformatics/bts593},
    issn = {13674803}
}

@article{Jandrasits2018Seq-seq-pan:Alignment,
    title = {{Seq-seq-pan: Building a computational pan-genome data structure on whole genome alignment}},
    year = {2018},
    journal = {BMC Genomics},
    author = {Jandrasits, Christine and Dabrowski, Piotr W. and Fuchs, Stephan and Renard, Bernhard Y.},
    number = {1},
    pages = {1--12},
    volume = {19},
    publisher = {BMC Genomics},
    doi = {10.1186/s12864-017-4401-3},
    issn = {14712164},
    keywords = {Data structure, Pan-genome, Whole genome alignment}
}

@article{Peltola1984SEQAID:Model,
    title = {{SEQAID: a DNA sequence assembling program based on a mathematical model}},
    year = {1984},
    journal = {Nucleic Acids Research},
    author = {Peltola, Hannu and S{\"{o}}derlund, Hans and Ukkonen, Esko},
    number = {1Part1},
    month = {1},
    pages = {307--321},
    volume = {12},
    publisher = {Narnia},
    url = {https://academic.oup.com/nar/article-lookup/doi/10.1093/nar/12.1Part1.307},
    doi = {10.1093/nar/12.1Part1.307},
    issn = {0305-1048},
    keywords = {benchmarking, dna, mathematical model, sequence analysis, dna}
}

@article{James2019SequenceModels,
    title = {{Sequence Analysis FASTCAR : Rapid alignment-free prediction of sequence alignment identity scores using self-supervised general linear models}},
    year = {2019},
    author = {James, Benjamin T and Luczak, Brian B and Girgis, Hani Z},
    pages = {1--8},
    url = {https://www.biorxiv.org/content/10.1101/380824v2}
}

@article{Nagarajan2013SequenceDemystified,
    title = {{Sequence assembly demystified}},
    year = {2013},
    journal = {Nature Reviews Genetics},
    author = {Nagarajan, Niranjan and Pop, Mihai},
    number = {3},
    month = {3},
    pages = {157--167},
    volume = {14},
    publisher = {Nature Publishing Group},
    url = {http://www.nature.com/articles/nrg3367},
    doi = {10.1038/nrg3367},
    issn = {1471-0056},
    keywords = {Bioinformatics, DNA sequencing, Genome assembly algorithms, Genome informatics, Genomics}
}

@article{Bollobas2006SharpPercolation,
    title = {{Sharp Thresholds and Percolation}},
    year = {2006},
    journal = {Random Structures and Algorithms},
    author = {Bollob{\'{a}}s, Béla and Riordan, Oliver},
    pages = {524--548},
    doi = {10.1002/rsa},
    keywords = {distance estimation, property testing, sublinear algorithms, tolerant property testing}
}

@article{Charikar2002SimilarityAlgorithms,
    title = {{Similarity estimation techniques from rounding algorithms}},
    year = {2002},
    journal = {Conference Proceedings of the Annual ACM Symposium on Theory of Computing},
    author = {Charikar, Moses S.},
    pages = {380--388},
    isbn = {1581134959},
    issn = {07349025}
}

@article{Andoni2018SketchingNorms,
    title = {{Sketching and Embedding are Equivalent for Norms}},
    year = {2018},
    journal = {SIAM Journal on Computing},
    author = {Andoni, Alexandr and Krauthgamer, Robert and Razenshteyn, Ilya},
    number = {3},
    month = {1},
    pages = {890--916},
    volume = {47},
    publisher = {Society for Industrial and Applied Mathematics},
    url = {https://epubs.siam.org/doi/10.1137/15M1017958},
    doi = {10.1137/15M1017958},
    issn = {0097-5397},
    keywords = {46B06, 68Q17, communication complexity, embedding, geometry, lower bounds, sketching}
}

@article{Woodru2015SketchingAlgebra,
    title = {{Sketching as a Tool for Numerical Linear Algebra Goal New survey by David Woodru : Sketching as a Tool for Numerical Linear Algebra}},
    year = {2015},
    author = {Woodru, David P},
    pages = {1--25},
    isbn = {9781680830}
}

@article{Sarmashghi2019Skmer:Skims,
    title = {{Skmer: assembly-free and alignment-free sample identification using genome skims}},
    year = {2019},
    journal = {Genome Biology},
    author = {Sarmashghi, Shahab and Bohmann, Kristine and P. Gilbert, M. Thomas and Bafna, Vineet and Mirarab, Siavash},
    number = {1},
    month = {12},
    pages = {34},
    volume = {20},
    publisher = {BioMed Central},
    url = {https://genomebiology.biomedcentral.com/articles/10.1186/s13059-019-1632-4},
    doi = {10.1186/s13059-019-1632-4},
    issn = {1474-760X},
    keywords = {Animal Genetics and Genomics, Bioinformatics, Evolutionary Biology, Human Genetics, Microbial Genetics and Genomics, Plant Genetics and Genomics}
}

@article{Vintsyuk1968SpeechProgramming,
    title = {{Speech discrimination by dynamic programming}},
    year = {1968},
    journal = {Cybern Syst Anal},
    author = {Vintsyuk, T. K.},
    number = {1},
    pages = {52--57},
    volume = {4},
    publisher = {Kluwer Academic Publishers-Plenum Publishers},
    url = {http://link.springer.com/10.1007/BF01074755},
    doi = {10.1007/BF01074755},
    issn = {0011-4235}
}

@article{Chakraborty2016StreamingWithout,
    title = {{Streaming Algorithms For Computing Edit Distance Without}},
    year = {2016},
    journal = {STOC},
    author = {Chakraborty, Diptarka and Kouck{\'{y}}, Michal},
    number = {111},
    pages = {712--725},
    volume = {111},
    arxivId = {arXiv:1607.03718v1}
}

@article{Winkler1990StringLinkage,
    title = {{String Comparator Metrics and Enhanced Decision Rules in the Fellegi-Sunter Model of Record Linkage}},
    year = {1990},
    journal = {Proceedings of the Section on Survey Research, American Statistical Association},
    author = {Winkler, William E.},
    pages = {354--359},
    url = {http://files.eric.ed.gov/fulltext/ED325505.pdf},
    doi = {10.1007/978-1-4612-2856-1{\_}101}
}

@incollection{Bowe2012SuccinctGraphs,
    title = {{Succinct de Bruijn Graphs}},
    year = {2012},
    author = {Bowe, Alexander and Onodera, Taku and Sadakane, Kunihiko and Shibuya, Tetsuo},
    pages = {225--235},
    publisher = {Springer, Berlin, Heidelberg},
    url = {http://link.springer.com/10.1007/978-3-642-33122-0_18},
    doi = {10.1007/978-3-642-33122-0{\_}18}
}

@article{Paten2018SuperbubblesCacti,
    title = {{Superbubbles, Ultrabubbles, and Cacti}},
    year = {2018},
    journal = {Journal of Computational Biology},
    author = {Paten, Benedict and Eizenga, Jordan M. and Rosen, Yohei M. and Novak, Adam M. and Garrison, Erik and Hickey, Glenn},
    number = {7},
    pages = {649--663},
    volume = {25},
    doi = {10.1089/cmb.2017.0251},
    issn = {10665277},
    keywords = {genome assembly, genome graphs, genomic variation, sequence analysis, variant discovery}
}

@article{Nusrat2019TasksVisualization,
    title = {{Tasks, Techniques, and Tools for Genomic Data Visualization}},
    year = {2019},
    journal = {Computer Graphics Forum},
    author = {Nusrat, S. and Harbig, T. and Gehlenborg, N.},
    number = {3},
    pages = {781--805},
    volume = {38},
    url = {https://onlinelibrary.wiley.com/doi/abs/10.1111/cgf.13727},
    doi = {10.1111/cgf.13727},
    issn = {0167-7055},
    arxivId = {arXiv:1905.02853v1}
}

@article{Ulitsky2005TheReconstruction,
    title = {{The Average Common Substring Approach to Phylogenomic Reconstruction}},
    year = {2005},
    author = {Ulitsky, Igor and Ulitsky, Igor and Burstein, David and Tuller, Tamir and Chor, Benny},
    url = {https://citeseerx.ist.psu.edu/viewdoc/summary?doi=10.1.1.106.5122}
}

@article{Ulitsky2006TheReconstruction,
    title = {{The Average Common Substring Approach to Phylogenomic Reconstruction}},
    year = {2006},
    journal = {Journal of Computational Biology},
    author = {Ulitsky, Igor and Burstein, David and Tuller, Tamir and Chor, Benny},
    number = {2},
    month = {3},
    pages = {336--350},
    volume = {13},
    publisher = { Mary Ann Liebert, Inc.  2 Madison Avenue Larchmont, NY 10538 USA  },
    url = {http://www.liebertpub.com/doi/10.1089/cmb.2006.13.336},
    doi = {10.1089/cmb.2006.13.336},
    issn = {1066-5277},
    keywords = {compressibility, distance matrix, phylogenomics, whole genome and proteome phylogeny}
}

@article{VanDerGeest2005TheTrials,
    title = {{The binomial distribution with dependent Bernoulli trials}},
    year = {2005},
    journal = {Journal of Statistical Computation and Simulation},
    author = {Van Der Geest, P. A. G.},
    number = {2},
    month = {2},
    pages = {141--154},
    volume = {75},
    url = {http://www.tandfonline.com/doi/abs/10.1080/0094965042000193224},
    doi = {10.1080/0094965042000193224},
    issn = {0094-9655}
}

@article{Andoni2010TheDistance,
    title = {{The computational hardness of estimating edit distance}},
    year = {2010},
    journal = {SIAM Journal on Computing},
    author = {Andoni, Alexandr and Krauthgamer, Robert},
    number = {6},
    pages = {2398--2429},
    volume = {39},
    doi = {10.1137/080716530},
    issn = {00975397},
    keywords = {Communication complexity, Edit distance, Embedding, Fourier analysis, Sketching, Ulam metric}
}

@article{Williamson2011TheAlgorithms,
    title = {{The design of approximation algorithms}},
    year = {2011},
    journal = {The Design of Approximation Algorithms},
    author = {Williamson, David P. and Shmoys, David B.},
    pages = {1--504},
    volume = {9780521195},
    isbn = {9780511921735},
    doi = {10.1017/CBO9780511921735}
}

@article{AILON2007THENEIGHBORS,
  title={The fast Johnson--Lindenstrauss transform and approximate nearest neighbors},
  author={Ailon, Nir and Chazelle, Bernard},
  journal={SIAM Journal on computing},
  volume={39},
  number={1},
  pages={302--322},
  year={2009},
  publisher={SIAM}
}


@incollection{Onodera2013TheMachines,
    title = {{The Gapped Spectrum Kernel for Support Vector Machines}},
    year = {2013},
    author = {Onodera, Taku and Shibuya, Tetsuo},
    pages = {1--15},
    publisher = {Springer, Berlin, Heidelberg},
    url = {http://link.springer.com/10.1007/978-3-642-39712-7_1},
    doi = {10.1007/978-3-642-39712-7{\_}1}
}

@article{Rohling2019TheK,
    title = {{The number of k-mer matches between two DNA sequences as a function of k}},
    year = {2019},
    journal = {bioRxiv},
    author = {R{\"{o}}hling, Sophie and Dencker, Thomas and Morgenstern, Burkhard},
    month = {4},
    pages = {527515},
    publisher = {Cold Spring Harbor Laboratory},
    url = {https://www.biorxiv.org/content/10.1101/527515v2},
    doi = {10.1101/527515}
}

@book{Spencer1992TheMethod,
    title = {{The probabilistic method}},
    year = {1992},
    booktitle = {Proceedings of the Annual ACM-SIAM Symposium on Discrete Algorithms},
    author = {Spencer, Joel},
    pages = {41--47},
    volume = {Part F1297},
    isbn = {089791466X}
}

@book{N.Alon1992TheMethod,
    title = {{The probablistic method}},
    year = {1992},
    author = {{N.{\~{}}Alon} and {J.{\~{}}Spencer}}
}

@article{Alon1999TheMoments,
    title = {{The space complexity of approximating the frequency moments}},
    year = {1999},
    journal = {Journal of Computer and System Sciences},
    author = {Alon, Noga and Matias, Yossi and Szegedy, Mario},
    number = {1},
    pages = {137--147},
    volume = {58},
    doi = {10.1006/jcss.1997.1545},
    issn = {00220000}
}

@article{Wagner1974TheProblem,
    title = {{The String-to-String Correction Problem}},
    year = {1974},
    journal = {Journal of the ACM},
    author = {Wagner, Robert A. and Fischer, Michael J.},
    number = {1},
    month = {1},
    pages = {168--173},
    volume = {21},
    publisher = {ACM},
    url = {http://portal.acm.org/citation.cfm?doid=321796.321811},
    doi = {10.1145/321796.321811},
    issn = {00045411}
}

@article{Wagner1974TheProblemb,
    title = {{The String-to-String Correction Problem}},
    year = {1974},
    journal = {Journal of the ACM},
    author = {Wagner, Robert A. and Fischer, Michael J.},
    number = {1},
    month = {1},
    pages = {168--173},
    volume = {21},
    publisher = {ACM},
    url = {http://portal.acm.org/citation.cfm?doid=321796.321811},
    doi = {10.1145/321796.321811},
    issn = {00045411}
}

@article{Sellers1980TheRecognition,
    title = {{The theory and computation of evolutionary distances: Pattern recognition}},
    year = {1980},
    journal = {Journal of Algorithms},
    author = {Sellers, Peter H},
    number = {4},
    month = {12},
    pages = {359--373},
    volume = {1},
    publisher = {Academic Press},
    url = {https://www.sciencedirect.com/science/article/pii/0196677480900164},
    doi = {10.1016/0196-6774(80)90016-4},
    issn = {0196-6774}
}

@article{Abboud2015TightMeasures,
    title = {{Tight Hardness Results for LCS and Other Sequence Similarity Measures}},
    year = {2015},
    journal = {Proceedings - Annual IEEE Symposium on Foundations of Computer Science, FOCS},
    author = {Abboud, Amir and Backurs, Arturs and Williams, Virginia Vassilevska},
    pages = {59--78},
    volume = {2015-Decem},
    isbn = {9781467381918},
    doi = {10.1109/FOCS.2015.14},
    issn = {02725428},
    keywords = {DTWD, LCS, SETH, lower bounds, parameterized complexity, sequence alignments}
}

@article{C2013TopHat2Supp1,
    title = {{TopHat2 accurate alignment of transcriptomes in the presence of insertions Supp1}},
    year = {2013},
    journal = {Genome Biol},
    author = {C, Trapnell},
    pages = {R36},
    volume = {14}
}

@article{Eltzner2018TorusStructure,
    title = {{Torus principal component analysis with applications to RNA structure}},
    year = {2018},
    journal = {Annals of Applied Statistics},
    author = {Eltzner, Benjamin and Huckemann, Stephan and Mardia, Kanti V.},
    number = {2},
    pages = {1332--1359},
    volume = {12},
    doi = {10.1214/17-AOAS1115},
    issn = {19417330},
    arxivId = {1511.04993},
    keywords = {Dihedral angles, Dimension reduction, Directional statistics, Fitting small spheres, Principal nested spheres analysis, Statistics on manifolds, Tori deformation}
}

@article{Abboud2017TowardsProblems,
    title = {{Towards hardness of approximation for polynomial time problems}},
    year = {2017},
    journal = {Leibniz International Proceedings in Informatics, LIPIcs},
    author = {Abboud, Amir and Backurs, Arturs},
    number = {11},
    pages = {1--11},
    volume = {67},
    isbn = {9783959770293},
    doi = {10.4230/LIPIcs.ITCS.2017.11},
    issn = {18688969},
    keywords = {Edit Distance, Hardness in P, LCS}
}

@article{Minkin2017TwoPaCo:Genomes,
    title = {{TwoPaCo: an efficient algorithm to build the compacted de Bruijn graph from many complete genomes}},
    year = {2017},
    journal = {Bioinformatics (Oxford, England)},
    author = {Minkin, Ilia and Pham, Son and Medvedev, Paul},
    number = {24},
    pages = {4024--4032},
    volume = {33},
    doi = {10.1093/bioinformatics/btw609},
    issn = {13674811}
}

@inproceedings{He2006UsingSequences,
    title = {{Using Suffix Tree to Discover Complex Repetitive Patterns in DNA Sequences}},
    year = {2006},
    booktitle = {2006 International Conference of the IEEE Engineering in Medicine and Biology Society},
    author = {He, Dan},
    month = {8},
    pages = {3474--3477},
    publisher = {IEEE},
    url = {http://ieeexplore.ieee.org/document/4462544/},
    isbn = {1-4244-0032-5},
    doi = {10.1109/IEMBS.2006.260445}
}

@article{Blei2017VariationalStatisticians,
    title = {{Variational Inference: A Review for Statisticians}},
    year = {2017},
    journal = {Journal of the American Statistical Association},
    author = {Blei, David M. and Kucukelbir, Alp and McAuliffe, Jon D.},
    number = {518},
    month = {4},
    pages = {859--877},
    volume = {112},
    url = {https://www.tandfonline.com/doi/full/10.1080/01621459.2017.1285773},
    doi = {10.1080/01621459.2017.1285773},
    issn = {0162-1459}
}

@article{Zerbino2008Velvet:Graphs.,
    title = {{Velvet: algorithms for de novo short read assembly using de Bruijn graphs.}},
    year = {2008},
    journal = {Genome research},
    author = {Zerbino, Daniel R and Birney, Ewan},
    number = {5},
    month = {5},
    pages = {821--9},
    volume = {18},
    publisher = {Cold Spring Harbor Laboratory Press},
    url = {http://www.ncbi.nlm.nih.gov/pubmed/18349386 http://www.pubmedcentral.nih.gov/articlerender.fcgi?artid=PMC2336801},
    doi = {10.1101/gr.074492.107},
    issn = {1088-9051},
    pmid = {18349386}
}

@article{Sims2011Whole-genomeFFPs.,
    title = {{Whole-genome phylogeny of Escherichia coli/Shigella group by feature frequency profiles (FFPs).}},
    year = {2011},
    journal = {Proceedings of the National Academy of Sciences of the United States of America},
    author = {Sims, Gregory E and Kim, Sung-Hou},
    number = {20},
    month = {5},
    pages = {8329--34},
    volume = {108},
    publisher = {National Academy of Sciences},
    url = {http://www.ncbi.nlm.nih.gov/pubmed/21536867 http://www.pubmedcentral.nih.gov/articlerender.fcgi?artid=PMC3100984},
    doi = {10.1073/pnas.1105168108},
    issn = {1091-6490},
    pmid = {21536867}
}

@article{Sims2009Whole-genomeRegions,
    title = {{Whole-genome phylogeny of mammals: Evolutionary information in genic and nongenic regions}},
    year = {2009},
    journal = {Proceedings of the National Academy of Sciences of the United States of America},
    author = {Sims, Gregory E and Jun, Se Ran and Wu, Guohong Albert and Kim, Sung Hou},
    number = {40},
    month = {10},
    pages = {17077--17082},
    volume = {106},
    publisher = {National Academy of Sciences},
    url = {http://www.ncbi.nlm.nih.gov/pubmed/19805074 http://www.pubmedcentral.nih.gov/articlerender.fcgi?artid=PMC2761373},
    doi = {10.1073/pnas.0909377106},
    issn = {00278424},
    pmid = {19805074},
    keywords = {Alignment-free genome comparison, Feature frequency profile (FFP), Mammalian phylogeny, Noncoding DNA, Nongenic regions of the genome}
}

@article{Jaffe2003Whole-genome2.,
    title = {{Whole-genome sequence assembly for mammalian genomes: Arachne 2.}},
    year = {2003},
    journal = {Genome research},
    author = {Jaffe, David B. and Butler, Jonathan and Gnerre, Sante and Mauceli, Evan and Lindblad-Toh, Kerstin and Mesirov, Jill P. and Zody, Michael C. and Lander, Eric S.},
    number = {1},
    pages = {91--96},
    volume = {13},
    doi = {10.1101/gr.828403},
    issn = {10889051}
}

@article{Niu2018WordDistance,
    title = {{Word Embedding based Edit Distance}},
    year = {2018},
    author = {Niu, Yilin and Qiao, Chao and Li, Hang and Huang, Minlie},
    number = {2014},
    pages = {1--8},
    url = {http://arxiv.org/abs/1810.10752},
    arxivId = {1810.10752}
}
